@book{beazley09,
 author = {Beazley, David M.},
 title = {Python Essential Reference},
 year = {2009},
 isbn = {0672329786},
 edition = {4th},
 publisher = {Addison-Wesley Professional},
} 

@article{antoy05,
 author = {Antoy, Sergio},
 title = {Evaluation Strategies for Functional Logic Programming},
 journal = {J. Symb. Comput.},
 issue_date = {July, 2005},
 volume = {40},
 number = {1},
 month = jul,
 year = {2005},
 issn = {0747-7171},
 pages = {875--903},
 numpages = {29},
 url = {http://dx.doi.org/10.1016/j.jsc.2004.12.007},
 doi = {10.1016/j.jsc.2004.12.007},
 acmid = {1740827},
 publisher = {Academic Press, Inc.},
 address = {Duluth, MN, USA},
 keywords = {Constructor-based rewrite systems, Definitional trees, Evaluation strategies, Functional logic programming, Narrowing},
} 

@inproceedings{hudak07,
 author = {Hudak, Paul and Hughes, John and Peyton Jones, Simon and Wadler, Philip},
 title = {A History of Haskell: Being Lazy with Class},
 booktitle = {Proceedings of the Third ACM SIGPLAN Conference on History of Programming Languages},
 series = {HOPL III},
 year = {2007},
 isbn = {978-1-59593-766-7},
 location = {San Diego, California},
 pages = {12-1--12-55},
 url = {http://doi.acm.org/10.1145/1238844.1238856},
 doi = {10.1145/1238844.1238856},
 acmid = {1238856},
 publisher = {ACM},
 address = {New York, NY, USA},
} 

@Misc{lazy_lists,
  author = "Wielemaker, Jan",
  year = 2018,
	note=http://www.swi-prolog.org/pldoc/doc/_SWI_/library/lazy_lists.pl
}

@Misc{swi_engines,
  author = "Wielemaker, Jan",
  year = 2018,
	note=http://www.swi-prolog.org/pldoc/man?section=engines
}

@article{eiter18,
  author    = {Harald Beck and
               Minh Dao{-}Tran and
               Thomas Eiter},
  title     = {{LARS:} {A} Logic-based framework for Analytic Reasoning over Streams},
  journal   = {Artif. Intell.},
  volume    = {261},
  pages     = {16--70},
  year      = {2018},
  url       = {https://doi.org/10.1016/j.artint.2018.04.003},
  doi       = {10.1016/j.artint.2018.04.003},
  timestamp = {Tue, 10 Jul 2018 09:45:39 +0200},
  biburl    = {https://dblp.org/rec/bib/journals/ai/BeckDE18},
  bibsource = {dblp computer science bibliography, https://dblp.org}
}

@inproceedings{lazyCiao,
  author    = {Amadeo Casas and
               Daniel Cabeza and
               Manuel V. Hermenegildo},
  title     = {A Syntactic Approach to Combining Functional Notation, Lazy Evaluation,
               and Higher-Order in {LP} Systems},
  booktitle = {Functional and Logic Programming, 8th International Symposium, {FLOPS}
               2006, Fuji-Susono, Japan, April 24-26, 2006, Proceedings},
  pages     = {146--162},
  year      = {2006},
  crossref  = {DBLP:conf/flops/2006},
  url       = {https://doi.org/10.1007/11737414\_11},
  doi       = {10.1007/11737414\_11},
  timestamp = {Tue, 30 May 2017 16:36:53 +0200},
  biburl    = {https://dblp.org/rec/bib/conf/flops/CasasCH06},
  bibsource = {dblp computer science bibliography, https://dblp.org}
}