@article{tor,
title = "Tor: Modular search with hookable disjunction",
journal = "Science of Computer Programming",
volume = "84",
pages = "101 - 120",
year = "2014",
note = "Principles and Practice of Declarative Programming (PPDP 2012)",
issn = "0167-6423",
doi = "https://doi.org/10.1016/j.scico.2013.05.008",
url = "http://www.sciencedirect.com/science/article/pii/S016764231300138X",
author = "Tom Schrijvers and Bart Demoen and Markus Triska and Benoit Desouter"
}

@inproceedings{pipelines,
  author = {Ruben P. Pieters and Tom Schrijvers},
  title = {Faster Coroutine Pipelines: A Reconstruction},
  year = {2019},
  booktitle = {21st International Symposium on Practical Aspects of Declarative Languages (PADL 2019)},
  url = {/Research/papers/padl2019.pdf}
}

@article{delim, title={Delimited continuations for prolog}, volume={13}, DOI={10.1017/S1471068413000331}, number={4-5}, journal={Theory and Practice of Logic Programming}, publisher={Cambridge University Press}, author={SCHRIJVERS, TOM and DEMOEN, BART and DESOUTER, BENOIT and WIELEMAKER, JAN}, year={2013}, pages={533–546}}

@InProceedings{swi_threads,
               author = "Jan Wielemaker",
               title = "Native Preemptive Threads in {SWI-Prolog}",
               booktitle = "Practical Aspects of Declarative Languages",
	       editor = "Catuscia Palamidessi",
	       pages = "331-345",
               publisher = "Springer Verlag",
               address = "Berlin, Germany",
               year = "2003",
	       month = "december",
               note = "LNCS 2916"
              }

@article{gupta01,
  author    = {Gopal Gupta and
               Enrico Pontelli and
               Khayri A. M. Ali and
               Mats Carlsson and
               Manuel V. Hermenegildo},
  title     = {Parallel execution of prolog programs: a survey},
  journal   = {{ACM} Trans. Program. Lang. Syst.},
  volume    = {23},
  number    = {4},
  pages     = {472--602},
  year      = {2001},
  url       = {https://doi.org/10.1145/504083.504085},
  doi       = {10.1145/504083.504085},
  timestamp = {Wed, 14 Nov 2018 10:30:40 +0100},
  biburl    = {https://dblp.org/rec/bib/journals/toplas/GuptaPACH01},
  bibsource = {dblp computer science bibliography, https://dblp.org}
}

@article{asp,
  author    = {Torsten Schaub and
               Stefan Woltran},
  title     = {{Special Issue on Answer Set Programming}},
  journal   = {{KI}},
  volume    = {32},
  number    = {2-3},
  pages     = {101--103},
  year      = {2018},
  url       = {https://doi.org/10.1007/s13218-018-0554-8},
  doi       = {10.1007/s13218-018-0554-8},
  timestamp = {Wed, 03 Oct 2018 12:54:56 +0200},
  biburl    = {https://dblp.org/rec/bib/journals/ki/SchaubW18},
  bibsource = {dblp computer science bibliography, https://dblp.org}
}

@inproceedings{udi09,
 author = {Vaz, David and Costa, V\'{\i}tor Santos and Ferreira, Michel},
 title = {{User Defined Indexing}},
 booktitle = {Proceedings of the 25th International Conference on Logic Programming},
 series = {ICLP '09},
 year = {2009},
 isbn = {978-3-642-02845-8},
 location = {Pasadena, CA},
 pages = {372--386},
 numpages = {15},
 url = {http://dx.doi.org/10.1007/978-3-642-02846-5_31},
 doi = {10.1007/978-3-642-02846-5_31},
 acmid = {1604389},
 publisher = {Springer-Verlag},
 address = {Berlin, Heidelberg},
} 


@techreport{Warren83,
  author =       "D.~H.~D. Warren",
  title =        {{A}n {A}bstract {P}rolog {I}nstruction {S}et},
  institution =  {Artificial Intelligence Center, SRI International},
  Address =      {333 Ravenswood Ave, Menlo Park CA 94025},
  type =         {Technical Report},
  number =       309,
  year =         1983
}

@inproceedings{kuraj15,
 author = {Kuraj, Ivan and Kuncak, Viktor and Jackson, Daniel},
 title = {Programming with Enumerable Sets of Structures},
 booktitle = {Proceedings of the 2015 ACM SIGPLAN International Conference on Object-Oriented Programming, Systems, Languages, and Applications},
 series = {OOPSLA 2015},
 year = {2015},
 isbn = {978-1-4503-3689-5},
 location = {Pittsburgh, PA, USA},
 pages = {37--56},
 numpages = {20},
 url = {http://doi.acm.org/10.1145/2814270.2814323},
 doi = {10.1145/2814270.2814323},
 acmid = {2814323},
 publisher = {ACM},
 address = {New York, NY, USA},
 keywords = {DSL, Dependent enumeration, SciFe, algebra, data generation, exhaustive testing, invariant, lazy evaluation, pairing function, program inversion, random testing},
} 

@article{pengines,
  author    = {Torbj{\"{o}}rn Lager and
               Jan Wielemaker},
  title     = {Pengines: Web Logic Programming Made Easy},
  journal   = {{TPLP}},
  volume    = {14},
  number    = {4-5},
  pages     = {539--552},
  year      = {2014},
  url       = {http://dx.doi.org/10.1017/S1471068414000192},
  doi       = {10.1017/S1471068414000192},
  timestamp = {Mon, 11 Aug 2014 11:04:57 +0200},
  biburl    = {http://dblp.uni-trier.de/rec/bib/journals/tplp/LagerW14},
  bibsource = {dblp computer science bibliography, http://dblp.org}
}


@article{scalbloom,
 author = {Almeida, Paulo S{\'e}rgio and Baquero, Carlos and Pregui\c{c}a, Nuno and Hutchison, David},
 title = {Scalable Bloom Filters},
 journal = {Inf. Process. Lett.},
 issue_date = {March, 2007},
 volume = {101},
 number = {6},
 month = mar,
 year = {2007},
 issn = {0020-0190},
 pages = {255--261},
 numpages = {7},
 url = {http://dx.doi.org/10.1016/j.ipl.2006.10.007},
 doi = {10.1016/j.ipl.2006.10.007},
 acmid = {1224501},
 publisher = {Elsevier North-Holland, Inc.},
 address = {Amsterdam, The Netherlands, The Netherlands},
 keywords = {Bloom filters, Data structures, Distributed systems, Randomized algorithms},
} 


@ARTICLE{bloomfilter,
    author = {Burton H. Bloom},
    title = {{Space/Time Trade-offs in Hash Coding with Allowable Errors}},
    journal = {Communications of the ACM},
    year = {1970},
    volume = {13},
    pages = {422--426}
}


@Inbook{Riazanov2003,
author="Riazanov, Alexandre and Voronkov, Andrei",
editor="Baader, Franz",
title={{Efficient Instance Retrieval with Standard and Relational Path Indexing}},
booktitle="Automated Deduction -- CADE-19: 19th International Conference on Automated Deduction, Miami Beach, FL, USA, July 28 -- August 2, 2003. Proceedings",
year="2003",
publisher="Springer Berlin Heidelberg",
address="Berlin, Heidelberg",
pages="380--396",
isbn="978-3-540-45085-6",
doi="10.1007/978-3-540-45085-6_34",
url="http://dx.doi.org/10.1007/978-3-540-45085-6_34"
}





@misc{sparsebit,

  author={Wooldridge, Brett},

  title={{Sparse Bit Set}},

  note="https://github.com/brettwooldridge/SparseBitSet",
  year=2016
}



@misc{murmurbloom,

  author={McCurry, Aaron},

  title={{Bloom Filter using Murmur Hash}},

  note="https://github.com/amccurry/bloom-filter",
  year=2010
}


@misc{java8streams,

  author={{Oracle Corp.}},

  title={{Java 8 Streams package}},

  note="https://docs.oracle.com/javase/8/docs/api/java/util/stream/package-summary.html"

}


@inproceedings{hilog,
     author = "W. Chen and M. Kifer and D.S. Warren",
     title =  "{HiLog}: A First-Order Semantics for Higher-Order Logic 
               Programming Constructs",
     booktitle = "1st North American Conf. Logic Programming",
     year = 1989,
     publisher = "MIT Press",
     pages = "1090--1114",
     address = "Cleveland, OH",
     editor = "E.L.~Lusk and R.A. Overbeek"
     }
     
@article{swi,
author = {Wielemaker,Jan and Schrijvers,Tom and Triska,Markus and Lager,Torbjorn},
title = {{SWI-Prolog}},
journal = {Theory and Practice of Logic Programming},
volume = {12},
issue = {Special Issue 1-2},
month = {1},
year = {2012},
issn = {1475-3081},
pages = {67--96},
numpages = {30},
doi = {10.1017/S1471068411000494},
}

@article{sicstus,
author = {Carlson, Mats and Mildner, Per},
title = {{SICStus Prolog -- The first 25 years}},
journal = {Theory and Practice of Logic Programming},
volume = {12},
issue = {Special Issue 1-2},
month = {1},
year = {2012},
issn = {1475-3081},
pages = {35--66},
numpages = {32},
doi = {10.1017/S1471068411000482},

}

@article{eclipse,
author = {Schimpf, Joachim  and Shen, Kish},
title = {{ECLiPSe – From LP to CLP}},
journal = {Theory and Practice of Logic Programming},
volume = {12},
issue = {Special Issue 1-2},
month = {1},
year = {2012},
issn = {1475-3081},
pages = {127--156},
numpages = {30},
doi = {10.1017/S1471068411000469},

}

@article{yap,
author = {Costa,Vitor Santos  and Rocha,Ricardo and Damas,Luis},
title = {{The YAP Prolog system}},
journal = {Theory and Practice of Logic Programming},
volume = {12},
issue = {Special Issue 1-2},
month = {1},
year = {2012},
issn = {1475-3081},
pages = {5--34},
numpages = {30},
doi = {10.1017/S1471068411000512},
}

@article{xsb,
author = {Swift,Terrance and Warren, David, S.},
title = {{XSB: Extending Prolog with Tabled Logic Programming}},
journal = {Theory and Practice of Logic Programming},
volume = {12},
issue = {Special Issue 1-2},
month = {1},
year = {2012},
issn = {1475-3081},
pages = {157--187},
numpages = {31},
doi = {10.1017/S1471068411000500},

}


@article{ciao,
author = {Hermenegildo, M. V. and Bueno, F. and Carro ,M. and Lopez-Garcia, P. and Mera, E. and Morales, J. F. and Puebla, G.},
title = {{An overview of Ciao and its design philosophy}},
journal = {Theory and Practice of Logic Programming},
volume = {12},
issue = {Special Issue 1-2},
month = {1},
year = {2012},
issn = {1475-3081},
pages = {219--252},
numpages = {34},
doi = {10.1017/S1471068411000457},

}

@article{bprolog,
author = {Zhou,Neng-Fa},
title = {{The language features and architecture of B-Prolog}},
journal = {Theory and Practice of Logic Programming},
volume = {12},
issue = {Special Issue 1-2},
month = {1},
year = {2012},
issn = {1475-3081},
pages = {189--218},
numpages = {30},
doi = {10.1017/S1471068411000445},
}


@book{peyton87,
 author = {Peyton Jones, Simon L.},
 title = {The Implementation of Functional Programming Languages (Prentice-Hall International Series in Computer Science)},
 year = {1987},
 publisher = {Prentice-Hall, Inc.},
 address = {NJ, USA},
} 

@inproceedings{huang2011datalog,
  title={Datalog and emerging applications: an interactive tutorial},
  author={Huang, Shan Shan and Green, Todd Jeffrey and Loo, Boon Thau},
  booktitle={Proceedings of the 2011 ACM SIGMOD International Conference on Management of data},
  pages={1213--1216},
  year={2011},
  organization={ACM}
}

@article{wielemaker2012swi,
  title={Swi-prolog},
  author={Wielemaker, Jan and Schrijvers, Tom and Triska, Markus and Lager, Torbj{\"o}rn},
  journal={Theory and Practice of Logic Programming},
  volume={12},
  number={1-2},
  pages={67--96},
  year={2012},
  publisher={Cambridge Univ Press}
}

@incollection{gringo,
year={2007},
booktitle={Logic Programming and Nonmonotonic Reasoning},
volume={4483},
series={Lecture Notes in Computer Science},
editor={Baral, Chitta and Brewka, Gerhard and Schlipf, John},
title={{GrinGo: A New Grounder for Answer Set Programming}},
publisher={Springer Berlin Heidelberg},
author={Gebser, Martin and Schaub, Torsten and Thiele, Sven},
pages={266-271}
}

@inproceedings{zhou13picat,
  author    = {Neng-Fa Zhou},
  title     = {Picat: A Scalable Logic-based Language and System (Invited
               talk)},
  booktitle = {SLATE},
  year      = {2013},
  pages     = {5-6},
  ee        = {http://dx.doi.org/10.4230/OASIcs.SLATE.2013.5},
  crossref  = {DBLP:conf/slate/2013},
  bibsource = {DBLP, http://dblp.uni-trier.de}
}

@proceedings{DBLP:conf/slate/2013,
  editor    = {Jos{\'e} Paulo Leal and
               Ricardo Rocha and
               Alberto Sim{\~o}es},
  title     = {2nd Symposium on Languages, Applications and Technologies,
               SLATE 2013, June 20-21, 2013 - Porto, Portugal},
  booktitle = {SLATE},
  publisher = {Schloss Dagstuhl - Leibniz-Zentrum fuer Informatik},
  series    = {OASICS},
  volume    = {29},
  year      = {2013},
  isbn      = {978-3-939897-52-1},
  bibsource = {DBLP, http://dblp.uni-trier.de}
}


@inproceedings{de2007problog,
  title={{ProbLog: A Probabilistic Prolog and Its Application in Link Discovery.}},
  author={De Raedt, Luc and Kimmig, Angelika and Toivonen, Hannu},
  booktitle={IJCAI},
  volume={7},
  pages={2462--2467},
  year={2007}
}

@article{delimcont,
author = {Schrijvers, Tom and Demoen, Bart and Desouter, Benoit and Wielemaker, Jan},
title = {{Delimited continuations for prolog}},
journal = {Theory and Practice of Logic Programming},
volume = {13},
issue = {Special Issue 4-5},
month = {7},
year = {2013},
issn = {1475-3081},
pages = {533--546},
}

@book{alvaro2011dedalus,
  title={Dedalus: Datalog in time and space},
  author={Alvaro, Peter and Marczak, William R and Conway, Neil and Hellerstein, Joseph M and Maier, David and Sears, Russell},
  year={2011},
  publisher={Springer}
}

@article{lopes:distr,
 author = {Lopes, Nuno p. and Navarro, Juan a. and Rybalchenko, Andrey and Singh, Atul},
 title = {{Applying Prolog to Develop Distributed Systems}},
 journal = {Theory Pract. Log. Program.},
 issue_date = {July 2010},
 volume = {10},
 number = {4-6},
 month = jul,
 year = {2010},
 issn = {1471-0684},
 pages = {691--707},
 numpages = {17},

 publisher = {Cambridge University Press},
 address = {New York, NY, USA}
} 


@inproceedings{scalaTypeCases,
   author = {Emir, Burak and Odersky, Martin and Williams, John},
   title = {Matching Objects with Patterns},
   booktitle = {ECOOP 2007 - Object-Oriented Programming},
   series = {Lecture Notes in Computer Science},
   editor = {Ernst, Erik},
   publisher = {Springer Berlin / Heidelberg},
   keyword = {Computer Science},
   pages = {273-298},
   volume = {4609},
   year = {2007}
}

@book{odersky2008programming,
  title={Programming in Scala},
  author={Odersky, M. and Spoon, L. and Venners, B.},
  year={2008},
  publisher={Artima Inc}
}


@inproceedings{triska08,
  author    = {Markus Triska},
  title     = {Generalising Constraint Solving over Finite Domains},
  booktitle = {ICLP},
  year      = {2008},
  pages     = {820-821}
}

@article{complambda,
 author        = {Kobayashi, Naoki and  Matsuda, Kazutaka and  Shinohara, Ayumi},
 title         = {{Functional Programs as Compressed Data}},
 journal       = {ACM SIGPLAN 2012 Workshop on Partial Evaluation and Program Manipulation},
 year          = {2012},
 month={January},
 note     = {ACM Press},
}

@article{everybit,
 author        = {Vytiniotis, Dimitrios and Kennedy, Andrew},
 title         = {{Functional Pearl: Every Bit Counts}},
 journal       = {ICFP 2010 : 
                    The 15th ACM SIGPLAN International Conference on 
                    Functional Programming},
 year          = {2010},
 month={September},
 note     = {ACM Press},
}



@article{Clark:1977:ESL:359423.359427,
 author = {Clark, Douglas W. and Green, C. Cordell},
 title = {An empirical study of list structure in Lisp},
 journal = {Commun. ACM},
 volume = {20},
 issue = {2},
 month = {February},
 year = {1977},
 issn = {0001-0782},
 pages = {78--87},
 numpages = {10},
 url = {http://doi.acm.org/10.1145/359423.359427},
 doi = {http://doi.acm.org/10.1145/359423.359427},
 acmid = {359427},
 publisher = {ACM},
 address = {New York, NY, USA},
 keywords = {Lisp, Zipf's law, list linearization, list structure measurement, list structure regularity, pointer compression, pointer entropy},
} 


@inproceedings{Nassen:2001:IMS:773184.773191,
 author = {N\"{a}ss\'{e}n, Henrik and Carlsson, Mats and Sagonas, Konstantinos},
 title = {Instruction merging and specialization in the SICStus Prolog virtual machine},
 booktitle = {Proceedings of the 3rd ACM SIGPLAN international conference on Principles and practice of declarative programming},
 series = {PPDP '01},
 year = {2001},
 isbn = {1-58113-388-X},
 location = {Florence, Italy},
 pages = {49--60},
 numpages = {12},
 url = {http://doi.acm.org/10.1145/773184.773191},
 doi = {http://doi.acm.org/10.1145/773184.773191},
 acmid = {773191},
 publisher = {ACM},
 address = {New York, NY, USA},
} 



@article{coroutinesconway1963,
 author        = {Melvin E. Conway},
 title         = {{Design of a Separable Transition-Diagram Compiler}},
 journal       = {Communications of the ACM},
 year          = {1963},
 volume        = {6},
 number        = {7},
 pages         = {396--408},
 issn          = {0001-0782},
 publisher     = {ACM Press},
}



@inproceedings{Lea:2000,
 author = {Lea, Doug},
 title = {{A Java fork/join framework}},
 booktitle = {Proceedings of the ACM 2000 conference on Java Grande},
 series = {JAVA '00},
 year = {2000},
 isbn = {1-58113-288-3},
 location = {San Francisco, California, United States},
 pages = {36--43},
 numpages = {8},
 publisher = {ACM},
 address = {New York, NY, USA},
}


@article{Lammel:2007,
 author = {L\"{a}mmel, Ralf},
 title = {{Google's MapReduce programming model revisited}},
 journal = {Sci. Comput. Program.},
 volume = {68},
 issue = {3},
 month = {October},
 year = {2007},
 issn = {0167-6423},
 pages = {208--237},
 numpages = {30},
 publisher = {Elsevier North-Holland, Inc.},
 address = {Amsterdam, The Netherlands, The Netherlands},
 keywords = {Data processing, Distributed programming, Executable specification, Haskell, List homomorphism, Map, MapReduce, Parallel programming, Reduce, Sawzall, Software design, Typed functional programming},
}



@inproceedings{bolz2010,
 author = {Bolz, Carl Friedrich and Leuschel, Michael and Schneider, David},
 title = {{Towards a Jitting VM for Prolog Execution}},
 booktitle = {PPDP '10: Proceedings of the 12th international ACM SIGPLAN symposium on Principles and practice of declarative programming},
 year = {2010},
 isbn = {978-1-4503-0132-9},
 pages = {99--108},
 location = {Hagenberg, Austria},
 doi = {http://doi.acm.org/10.1145/1836089.1836107},
 publisher = {ACM},
 address = {New York, NY, USA},
 howpublished = {acceptance 36p}
 }


@inproceedings{DBLP:conf/popl/WadlerB89,
  author    = {Philip Wadler and
               Stephen Blott},
  title     = {How to Make ad-hoc Polymorphism Less ad-hoc},
  booktitle = {POPL},
  year      = {1989},
  pages     = {60-76},
  ee        = {http://doi.acm.org/10.1145/75277.75283},
  bibsource = {DBLP, http://dblp.uni-trier.de}
}

@article{DBLP:journals/jflp/DiazC01,
  author    = {Daniel Diaz and
               Philippe Codognet},
  title     = {Design and Implementation of the GNU Prolog System},
  journal   = {Journal of Functional and Logic Programming},
  volume    = {2001},
  number    = {6},
  year      = {2001},
  pages = {1-29},
  bibsource = {DBLP, http://dblp.uni-trier.de}
}

@inproceedings{DBLP:conf/iclp/SilvaC06,
  author    = {Anderson Faustino da Silva and
               V\'{\i}tor Santos Costa},
  title     = {The Design and Implementation of the YAP Compiler: An Optimizing
               Compiler for Logic Programming Languages},
  booktitle = {ICLP},
  year      = {2006},
  pages     = {461-462},
  ee        = {http://dx.doi.org/10.1007/11799573_49},
  crossref  = {DBLP:conf/iclp/2006},
  bibsource = {DBLP, http://dblp.uni-trier.de}
}

@proceedings{DBLP:conf/iclp/2006,
  editor    = {Sandro Etalle and
               Miroslaw Truszczynski},
  title     = {Logic Programming, 22nd International Conference, ICLP 2006,
               Seattle, WA, USA, August 17-20, 2006, Proceedings},
  booktitle = {ICLP},
  publisher = {Springer},
  series    = {Lecture Notes in Computer Science},
  volume    = {4079},
  year      = {2006},
  isbn      = {3-540-36635-0},
  bibsource = {DBLP, http://dblp.uni-trier.de}
}


@inproceedings{728423,
 author = {Demoen, Bart and Nguyen, Phuong-Lan},
 title = {So Many WAM Variations, So Little Time},
 booktitle = {CL '00: Proceedings of the First International Conference on Computational Logic},
 year = {2000},
 isbn = {3-540-67797-6},
 pages = {1240--1254},
 publisher = {Springer-Verlag},
 address = {London, UK},
 }

@inproceedings{DBLP:conf/iclp/Zhou07,
  author    = {Neng-Fa Zhou},
  title     = {A Register-Free Abstract Prolog Machine with Jumbo Instructions},
  booktitle = {ICLP},
  publisher = {Springer-Verlag},
  address = {Berlin Heidelberg},
  year      = {2007},
  pages     = {455-457},
  ee        = {http://dx.doi.org/10.1007/978-3-540-74610-2_43},
  crossref  = {DBLP:conf/iclp/2007},
  bibsource = {DBLP, http://dblp.uni-trier.de}
}


@article{ZhouTU90,
 author = {Zhou, Neng-Fa and Takagi, Toshihisa and Ushijima, Kazuo},
 title = {A matching tree oriented abstract machine for Prolog},
 book = {Logic Programming},
 year = {1990},
 isbn = {0-262-73090-1},
 pages = {159--173},
 publisher = {MIT Press},
 address = {Cambridge, MA, USA},
 }


@inproceedings{12071,
 author = {Hermenegildo, Manuel V},
 title = {{An abstract machine for restricted AND-parallel execution of logic programs}},
 booktitle = {Proceedings on Third international conference on logic programming},
 year = {1986},
 isbn = {0-387-16492-8},
 pages = {25--39},
 location = {London, United Kingdom},
 publisher = {Springer-Verlag New York, Inc.},
 address = {New York, NY, USA},
 }

@inproceedings{DBLP:conf/lp/Ueda85,
  author    = {Kazunori Ueda},
  title     = {Guarded Horn Clauses},
  year      = {1985},
  pages     = {168-179},
  editor    = {Eiiti Wada},
  booktitle     = {Logic Programming '85, Proceedings of the 4th Conference,
               Tokyo, Japan, July 1-3, 1985},
  publisher = {Springer},
  series    = {Lecture Notes in Computer Science},
  volume    = {221}
}

@INPROCEEDINGS{Lusk93applicationsof,
    author = {Ewing Lusk and Shyam Mudambi and Ecrc Gmbh and Ross Overbeek},
    title = {{Applications of the Aurora Parallel Prolog System 
    to Computational Molecular Biology}},
    booktitle = {In Proc. of the JICSLP'92 Post-Conference Joint Workshop on Distributed and Parallel Implementations of Logic Programming Systems, Washington DC},
    year = {1993},
    publisher = {MIT Press}
}

@article{72555,
 author = {Shapiro, Ehud},
 title = {The family of concurrent logic programming languages},
 journal = {ACM Comput. Surv.},
 volume = {21},
 number = {3},
 year = {1989},
 issn = {0360-0300},
 pages = {413--510},
 doi = {http://doi.acm.org/10.1145/72551.72555},
 publisher = {ACM},
 address = {New York, NY, USA},
 }
 

 @article{504085,
 author = {Gupta, Gopal and Pontelli, Enrico and Ali, Khayri A.M. and Carlsson, Mats and Hermenegildo, Manuel V.},
 title = {Parallel execution of prolog programs: a survey},
 journal = {ACM Trans. Program. Lang. Syst.},
 volume = {23},
 number = {4},
 year = {2001},
 issn = {0164-0925},
 pages = {472--602},
 doi = {http://doi.acm.org/10.1145/504083.504085},
 publisher = {ACM},
 address = {New York, NY, USA},
 }


@inproceedings{DBLP:conf/lopstr/Demoen92,
author	= {Bart Demoen},
title	= {On the Transformation of a Prolog Program to a More Efficient
Binary Program}, 
booktitle = {LOPSTR},
year	= {1992}, pages	= {242-252}
}


@article{bolz-prolog,
  title={{A Prolog Interpreter in Python}},
  author={Bolz, C.F.},
  year={2007},
  note={Bachelorarbeit, H. Heine Universitait, Dusseldorf}
}




@misc{demoen-jprolog,
  title={{jProlog home page (1996) http://www. cs. kuleuven. ac. be/\~{} bmd}},
  author={Demoen, B. and Tarau, P.},
  publisher={PrologInJava}
}

@article{cook34p,
  title={{P\#: A concurrent Prolog for the .NET Framework}},
  author={Cook, J.J.},
  journal={Software: Practice and Experience},
  volume={34},
  number={9},
  pages={815--845},
  year=2004,
}


@article{cook2004optimizing,
  title={{Optimizing P\#: Translating Prolog to more Idiomatic C\#}},
  author={Cook, J.J.},
  journal={Proceedings of CICLOPS 2004},
  pages={59--70},
  year={2004},
  publisher={Citeseer}
}

@article{banbara2006prolog,
  title={{Prolog Cafe: a Prolog to Java translator system}},
  author={Banbara, M. and Tamura, N. and Inoue, K.},
  journal={Lecture Notes in Computer Science},
  volume={4369},
  pages={1},
  year={2006},
  publisher={Springer}
}

@article{demoen455allocating,
  title={{Allocating wam environments/choice points on the heap}},
  author={Demoen, B. and Nguyen, P.L.},
  journal={Report CW},
  volume={455},
  month=jul,
  year=2006
}

@article{demoen2002copying,
  title={{Copying garbage collection for the WAM: To mark or not to mark?}},
  author={Demoen, B. and Nguyen, P.L. and Vandeginste, R.},
  journal={Lecture notes in computer science},
  pages={194--208},
  year={2002},
  publisher={Springer}
}

@article{vandeginste2002segment,
  title={{Segment order preserving and generational garbage collection for Prolog}},
  author={Vandeginste, R. and Sagonas, K. and Demoen, B.},
  journal={Lecture notes in computer science},
  pages={299--317},
  year={2002},
  publisher={Springer}
}

@article{bevemyr1994simple,
  title={{A simple and efficient copying garbage collector for Prolog}},
  author={Bevemyr, J. and Lindgren, T.},
  journal={Lecture Notes in Computer Science},
  volume={844},
  pages={88--101},
  year={1994},
  publisher={Springer}
}

@article{carlsson1263sicstus,
  title={{SICStus Prolog user's manual}},
  author={Carlsson, M. and Widen, J. and Andersson, J. and Andersson, S. and Boortz, K. and Nilsson, H. and Sjoland, T.},
  publisher={SICS},
  address={Kista, Sweden},
  year = 2009
}

@inproceedings{DBLP:conf/iclp/Wielemaker03,

  author    = {Jan Wielemaker},

  title     = {{Native Preemptive Threads in SWI-Prolog}},

  booktitle = {ICLP},

  publisher = {Springer},
  address = {Berlin Heidelberg},
  year      = {2003},

  pages     = {331-345},

  ee        = {http://springerlink.metapress.com/openurl.asp?genre=article{\&}issn=0302-9743{\&}volume=2916{\&}spage=331},

  crossref  = {DBLP:conf/iclp/2003},

  bibsource = {DBLP, http://dblp.uni-trier.de}

}


@article{wielemaker2003native,
  title={{Native preemptive threads in SWI-Prolog}},
  author={Wielemaker, J.},
  journal={Lecture Notes in Computer Science},
  volume={2916},
  pages={331--345},
  year={2003},
  publisher={Springer},
  address={Heidelberg}
}

@article{crammond1994memory,
  title={{Memory Management in Quintus Prolog}},
  author={Crammond, J. and Lindholm, T.},
  journal={Implementations of logic programming systems},
  pages={35},
  year={1994},
  publisher={Springer}
}

@article{demoen2002different,
  title={{A different look at garbage collection for the WAM}},
  author={Demoen, B.},
  journal={Lecture notes in computer science},
  pages={179--193},
  year={2002},
  publisher={Springer}
}

@conference{lindgren2005atom,
  title={{Atom garbage collection}},
  author={Lindgren, T.},
  booktitle={Proceedings of the 2005 ACM SIGPLAN workshop on Erlang},
  year={2005},
  organization={ACM}
}

@article{wielemaker2007using,
  title={{Using Prolog as the fundament for applications on the semantic web}},
  author={Wielemaker, J. and Hildebrand, M. and van Ossenbruggen, J.},
  journal={Proceedings of ALPSWS2007},
  pages={84--98},
  year={2007},
  publisher={Citeseer}
}

@inproceedings{lindgren94,

 author = {Lindgren, Thomas},

 title = {A continuation-passing style for prolog},

 booktitle = {ILPS '94: Proceedings of the 1994 International Symposium on Logic programming},

 year = {1994},

 isbn = {0-262-52191-1},

 pages = {603--617},

 location = {Symposia, Melbourne},

 publisher = {MIT Press},

 address = {Cambridge, MA, USA},

 }



@ARTICLE{Misra94powerlist:a,

    author = {Jayadev Misra},

    title = {Powerlist: a structure for parallel recursion},

    journal = {ACM Transactions on Programming Languages and Systems},

    year = {1994},

    volume = {16},

    pages = {1737--1767}

}



@INPROCEEDINGS{Bird99programoptimisation,

    author = {Richard Bird and Jeremy Gibbons and Geraint Jones},

    title = {Program Optimisation, Naturally},

    booktitle = {Millenial Perspectives in Computer Science. Palgrave},

    year = {1999}

}



@inproceedings{POPL07,

 author      = "R.~L{\"a}mmel",

 title       = "{Scrap your boilerplate with XPath-like combinators}",

 booktitle   = "{POPL'07, Proceedings}",

 publisher   = "ACM Press",

 year        = 2007,

 month       = jan,

}







@inproceedings{SYB3,

 author = "Ralf L{\"a}mmel and Simon {Peyton Jones}",

 title = "{Scrap your boilerplate with class: extensible generic functions}",

 booktitle = "{Proceedings of the ACM SIGPLAN International Conference

               on Functional Programming (ICFP 2005)}",

 year      = {2005},

 pages     = {204--215},

 location  = {Tallinn, Estonia},

 publisher = {ACM Press},

 month = sep,

}





@inproceedings{syb2,

 author    = {Ralf L{\"a}mmel and Simon {Peyton Jones}},

 title     = "{Scrap more boilerplate:

               reflection, zips, and generalised casts}",

 booktitle = "{Proceedings of the ACM SIGPLAN International Conference

               on Functional Programming (ICFP 2004)}",

 year      = {2004},

 pages     = {244--255},

 location  = {Snow Bird, UT, USA},

 publisher = {ACM Press},

}





@Article{LPJ03,

  author    = "Ralf L{\"a}mmel and Simon {Peyton Jones}",

  title     = "Scrap your boilerplate:

               a practical design pattern for generic programming",

  journal   = "ACM SIG{\-}PLAN Notices",

  publisher = "ACM Press",

  volume    = "38",

  number    = "3",

  pages     = "26--37",

  month     = mar,

  year      = "2003",

  note      = "Proceedings of the ACM SIGPLAN Workshop

               on Types in Language Design and Implementation (TLDI~2003)"

}







@article{guptaParal,

 author = {Gopal Gupta and Enrico Pontelli and Khayri A.M. Ali and Mats Carlsson and Manuel V. Hermenegildo},

 title = {Parallel execution of prolog programs: a survey},

 journal = {ACM Trans. Program. Lang. Syst.},

 volume = {23},

 number = {4},

 year = {2001},

 issn = {0164-0925},

 pages = {472--602},

 doi = {http://doi.acm.org/10.1145/504083.504085},

 publisher = {ACM},

 address = {New York, NY, USA},

 }



@inproceedings{carro07,

 author = {Amadeo Casas and Manuel Carro and Manuel Hermenegildo},

 title = {Towards a high-level implementation of flexible parallelism primitives for symbolic languages},

 booktitle = {PASCO '07: Proceedings of the 2007 international workshop on Parallel symbolic computation},

 year = {2007},

 isbn = {978-1-59593-741-4},

 pages = {93--94},

 location = {London, Ontario, Canada},

 doi = {http://doi.acm.org/10.1145/1278177.1278193},

 publisher = {ACM},

 address = {New York, NY, USA},

 }



@inproceedings{carro06,

 author = {Manuel Carro and Jos\'{e} F. Morales and Henk L. Muller and G. Puebla and M. Hermenegildo},

 title = {High-level languages for small devices: a case study},

 booktitle = {CASES '06: Proceedings of the 2006 international conference on Compilers, architecture and synthesis for embedded systems},

 year = {2006},

 isbn = {1-59593-543-6},

 pages = {271--281},

 location = {Seoul, Korea},

 doi = {http://doi.acm.org/10.1145/1176760.1176794},

 publisher = {ACM},

 address = {New York, NY, USA},

 }



@inproceedings{histHaskell,

 author = {Paul Hudak and John Hughes and Simon Peyton Jones and Philip Wadler},

 title = {A history of Haskell: being lazy with class},

 booktitle = {HOPL III: Proceedings of the third ACM SIGPLAN conference on History of programming languages},

 year = {2007},

 isbn = {978-1-59593-766-X},

 pages = {12-1--12-55},

 location = {San Diego, California},

 doi = {http://doi.acm.org/10.1145/1238844.1238856},

 publisher = {ACM},

 address = {New York, NY, USA},

 }



@inproceedings{arun08,

  author = {Majumdar, Arun and Sowa, John F. and Stewart, John},

  title     = {Pursuing the Goal of Language Understanding},

  booktitle = {Conceptual Structures: Knowledge Visualization and Reasoning},

  publisher = {Springer},

  series    = {LNCS},

  volume    = {5113},

  year      = {2008},

  pages     = {21-42},

  isbn      = {978-3-540-70595-6}

}





@inproceedings{DBLP:conf/iclp/CarroH99,
  author    = {Manuel Carro and
               Manuel V. Hermenegildo},
  title     = {{Concurrency in Prolog Using Threads and a Shared Database}},
  booktitle = {ICLP},
  year      = {1999},
  pages     = {320-334},
  bibsource = {DBLP, http://dblp.uni-trier.de}
}






@proceedings{DBLP:conf/iclp/2003,

  editor    = {Catuscia Palamidessi},

  title     = {Logic Programming, 19th International Conference, ICLP 2003,

               Mumbai, India, December 9-13, 2003, Proceedings},

  booktitle = {ICLP},

  publisher = {Springer},

  series    = {Lecture Notes in Computer Science},

  volume    = {2916},

  year      = {2003},

  isbn      = {3-540-20642-6},

  bibsource = {DBLP, http://dblp.uni-trier.de}

}



@article{DBLP:journals/sigplan/ClaessenH02,

  author    = {Koen Claessen and

               John Hughes},

  title     = {{Testing monadic code with QuickCheck}},

  journal   = {SIGPLAN Notices},

  volume    = {37},

  number    = {12},

  year      = {2002},

  pages     = {47-59},

  ee        = {http://doi.acm.org/10.1145/636517.636527},

  bibsource = {DBLP, http://dblp.uni-trier.de}

}



@inproceedings{bijarrows,

	address = {New York, NY, USA},

	author = {Alimarine, Artem   and Smetsers, Sjaak   and van Weelden, Arjen   and van Eekelen, Marko   and Plasmeijer, Rinus},

	booktitle = {Haskell '05: Proceedings of the 2005 ACM SIGPLAN workshop on Haskell},

	pages = {86--97},

	posted-at = {2005-10-06 08:34:34},

	priority = {2},

	publisher = {ACM Press},

	title = {There and back again: arrows for invertible programming},

	year = {2005}

}



@misc{bijeliot,

  author={{Conal Elliott}},

  title={{Module: Data.Bijections}},

  note="Haskell source code library at: http://haskell.org/haskellwiki/TypeCompose"

}





@inproceedings{conf/fp/MarlowW92,

title = {Deforestation for Higher-Order Functions.},

author = {Simon Marlow and Philip Wadler},

booktitle = {Functional Programming},

crossref = {conf/fp/1992},

editor = {John Launchbury and Patrick M. Sansom},

pages = {154-165},

publisher = {Springer},

series = {Workshops in Computing},

url = {http://dblp.uni-trier.de/db/conf/fp/fp1992.html#MarlowW92},

year = {1992},

description = {dblp},

isbn = {3-540-19820-2}, date = {2003-02-19},

keywords = {dblp }

} 



@article{journals/tcs/Wadler90,

	title = {Deforestation: Transforming Programs to Eliminate Trees.},

	author = {Philip Wadler},

	journal = {Theor. Comput. Sci.},

	number = {2},

	pages = {231-248},

	url = {http://dblp.uni-trier.de/db/journals/tcs/tcs73.html#Wadler90},

	volume = {73},

	year = {1990},

	biburl = {http://www.bibsonomy.org/bibtex/233436c91c50397c93aec6c90b4f22cf8/dblp},

	description = {dblp},

	date = {2003-11-19},

	keywords = {dblp }

}





@inproceedings{wadler:theor,

title = {Theorems for free!},

address = {New York, NY, USA},

author = {Philip Wadler},

booktitle = {FPCA '89: Proceedings of the fourth international conference on Functional programming languages and computer architecture},

pages = {347--359},

publisher = {ACM},

year = {1989},

location = {Imperial College, London, United Kingdom},

} 



@article{CSharp,

  author={{Microsoft Corp.}},

  title={{Visual \verb~C#~}},

  note="Project URL http://msdn.microsoft.com/vcsharp"

}



@article{yieldProlog,

  author={{Jeff Thompson}},

  title={{Yield Prolog}},

  note="Project URL http://yieldprolog.sourceforge.net"

}



@inproceedings{DBLP:conf/icalp/SimonBMG07,

  author    = {Luke Simon and

               Ajay Bansal and

               Ajay Mallya and

               Gopal Gupta},

  title     = {Co-Logic Programming: Extending Logic Programming with Coinduction},

  booktitle = {ICALP},

  year      = {2007},

  pages     = {472-483},

  ee        = {http://dx.doi.org/10.1007/978-3-540-73420-8_42},

  crossref  = {DBLP:conf/icalp/2007},

  bibsource = {DBLP, http://dblp.uni-trier.de}

}



@proceedings{DBLP:conf/icalp/2007,

  editor    = {Lars Arge and

               Christian Cachin and

               Tomasz Jurdzinski and

               Andrzej Tarlecki},

  title     = {Automata, Languages and Programming, 34th International

               Colloquium, ICALP 2007, Wroclaw, Poland, July 9-13, 2007,

               Proceedings},

  booktitle = {ICALP},

  publisher = {Springer},

  series    = {Lecture Notes in Computer Science},

  volume    = {4596},

  year      = {2007},

  isbn      = {978-3-540-73419-2},

  bibsource = {DBLP, http://dblp.uni-trier.de}

}



@inproceedings{DBLP:conf/iclp/GuptaBMSM07,

  author    = {Gopal Gupta and

               Ajay Bansal and

               Richard Min and

               Luke Simon and

               Ajay Mallya},

  title     = {Coinductive Logic Programming and Its Applications},

  booktitle = {ICLP},

  year      = {2007},

  pages     = {27-44},

  ee        = {http://dx.doi.org/10.1007/978-3-540-74610-2_4},

  crossref  = {DBLP:conf/iclp/2007},

  bibsource = {DBLP, http://dblp.uni-trier.de}

}



@proceedings{DBLP:conf/iclp/2007,

  editor    = {Ver{\'o}nica Dahl and

               Ilkka Niemel{\"a}},

  title     = {Logic Programming, 23rd International Conference, ICLP 2007,

               Porto, Portugal, September 8-13, 2007, Proceedings},

  booktitle = {ICLP},

  publisher = {Springer},

  series    = {Lecture Notes in Computer Science},

  volume    = {4670},

  year      = {2007},

  isbn      = {978-3-540-74608-9},

  bibsource = {DBLP, http://dblp.uni-trier.de}

}





@inproceedings{DBLP:conf/mpc/BirdM92,

  author    = {Richard S. Bird and

               Oege de Moor},

  title     = {Solving Optimisation Problems with Catamorphism},

  booktitle = {MPC},

  year      = {1992},

  pages     = {45-66},

  crossref  = {DBLP:conf/mpc/1992},

  bibsource = {DBLP, http://dblp.uni-trier.de}

}



@proceedings{DBLP:conf/mpc/1992,

  editor    = {Richard S. Bird and

               Carroll Morgan and

               Jim Woodcock},

  title     = {Mathematics of Program Construction, Second International

               Conference, Oxford, U.K., June 29 - July 3, 1992, Proceedings},

  booktitle = {MPC},

  publisher = {Springer},

  series    = {Lecture Notes in Computer Science},

  volume    = {669},

  year      = {1993},

  isbn      = {3-540-56625-2},

  bibsource = {DBLP, http://dblp.uni-trier.de}

}



@article{DBLP:journals/cj/WegnerE04,

  author    = {Peter Wegner and

               Eugene Eberbach},

  title     = {{New Models of Computation}},

  journal   = {Comput. J.},

  volume    = {47},

  number    = {1},

  year      = {2004},

  pages     = {4-9},

  ee        = {http://www3.oup.co.uk/computer_journal/hdb/Volume_47/Issue_01/470001.sgm.abs.html},

  bibsource = {DBLP, http://dblp.uni-trier.de}

}



@article{DBLP:journals/tcs/Wegner98,

  author    = {Peter Wegner},

  title     = {{Interactive Foundations of Computing}},

  journal   = {Theor. Comput. Sci.},

  volume    = {192},

  number    = {2},

  year      = {1998},

  pages     = {315-351},

  ee        = {http://dx.doi.org/10.1016/S0304-3975(97)00154-0},

  bibsource = {DBLP, http://dblp.uni-trier.de}

}



@inproceedings{DBLP:conf/atal/MayfieldLF95,

  author    = {James Mayfield and

               Yannis Labrou and

               Timothy W. Finin},

  title     = {{Evaluation of KQML as an Agent Communication Language}},

  booktitle = {ATAL},

  year      = {1995},

  pages     = {347-360},

  crossref  = {DBLP:conf/atal/1995},

  bibsource = {DBLP, http://dblp.uni-trier.de}

}



@proceedings{DBLP:conf/atal/1995,

  editor    = {Michael Wooldridge and

               J{\"o}rg P. M{\"u}ller and

               Milind Tambe},

  title     = {{Intelligent Agents II, Agent Theories, Architectures, and

               Languages, IJCAI '95, Workshop (ATAL), Montreal, Canada,

               August 19-20, 1995, Proceedings}},

  booktitle = {ATAL},

  publisher = {Springer},

  series    = {Lecture Notes in Computer Science},

  volume    = {1037},

  year      = {1996},

  isbn      = {3-540-60805-2},

  bibsource = {DBLP, http://dblp.uni-trier.de}

}



@article{fipa,

  author={{Foundation for Intelligent Physical Agents}},

  title={{FIPA Specification}},

  note="Published electronically at http://www.fipa.org/repository/index.html"

}





@article{matz,

  author="Matsumoto, Yukihiro",

  title={{The Ruby Programming Language}},

  year=2000,

  month=jun,

  url={http://www.informit.com/articles/printerfriendly.aspx?p=18225}

}





@inproceedings{DBLP:conf/tools/Rossum97,

  author    = {Guido van Rossum},

  title     = {{A Tour of the Python Language}},

  booktitle = {TOOLS (23)},

  year      = {1997},

  pages     = {370},

  ee        = {http://doi.ieeecomputersociety.org/10.1109/TOOLS.1997.10001},

  crossref  = {DBLP:conf/tools/23-1997},

  bibsource = {DBLP, http://dblp.uni-trier.de}

}



@proceedings{DBLP:conf/tools/23-1997,

  title     = {TOOLS 1997: 23rd International Conference on Technology

               of Object-Oriented Languages and Systems, July 28 - August

               1, 1997, Santa Barbara, CA, USA},

  booktitle = {TOOLS (23)},

  publisher = {IEEE Computer Society},

  year      = {1998},

  isbn      = {0-8186-8383-X},

  bibsource = {DBLP, http://dblp.uni-trier.de}

}



@book{DBLP:books/sp/Liskov81,

  author    = {Barbara Liskov and

               Russell R. Atkinson and

               Toby Bloom and

               J. Eliot B. Moss and

               Craig Schaffert and

               Robert Scheifler and

               Alan Snyder},

  title     = {{CLU Reference Manual}},

  publisher = {Springer},

  series    = {Lecture Notes in Computer Science},

  volume    = {114},

  year      = {1981},

  isbn      = {3-540-10836-X},

  bibsource = {DBLP, http://dblp.uni-trier.de}

}



@article{DBLP:journals/toplas/GriswoldHK81,

  author    = {Ralph E. Griswold and

               David R. Hanson and

               John T. Korb},

  title     = {{Generators in Icon}},

  journal   = {ACM Trans. Program. Lang. Syst.},

  volume    = {3},

  number    = {2},

  year      = {1981},

  pages     = {144-161},

  ee        = {http://doi.acm.org/10.1145/357133.357136},

  bibsource = {DBLP, http://dblp.uni-trier.de}

}



@inproceedings{DBLP:conf/padl/LiuM03,

  author    = {Jed Liu and

               Andrew C. Myers},

  title     = {{JMatch: Iterable Abstract Pattern Matching for Java}},

  booktitle = {PADL},

  year      = {2003},

  pages     = {110-127},

  ee        = {http://link.springer.de/link/service/series/0558/bibs/2562/25620110.htm},

  crossref  = {DBLP:conf/padl/2003},

  bibsource = {DBLP, http://dblp.uni-trier.de}

}



@proceedings{DBLP:conf/padl/2003,

  editor    = {Ver{\'o}nica Dahl and

               Philip Wadler},

  title     = {Practical Aspects of Declarative Languages, 5th International

               Symposium, PADL 2003, New Orleans, LA, USA, January 13-14,

               2003, Proceedings},

  booktitle = {PADL},

  publisher = {Springer},

  series    = {Lecture Notes in Computer Science},

  volume    = {2562},

  year      = {2003},

  isbn      = {3-540-00389-4},

  bibsource = {DBLP, http://dblp.uni-trier.de}

}



@inproceedings{DBLP:conf/popl/LiuKM06,

  author    = {Jed Liu and

               Aaron Kimball and

               Andrew C. Myers},

  title     = {Interruptible iterators},

  booktitle = {POPL},

  year      = {2006},

  pages     = {283-294},

  ee        = {http://doi.acm.org/10.1145/1111037.1111063},

  crossref  = {DBLP:conf/popl/2006},

  bibsource = {DBLP, http://dblp.uni-trier.de}

}



@proceedings{DBLP:conf/popl/2006,

  editor    = {J. Gregory Morrisett and

               Simon L. Peyton Jones},

  title     = {Proceedings of the 33rd ACM SIGPLAN-SIGACT Symposium on

               Principles of Programming Languages, POPL 2006, Charleston,

               South Carolina, USA, January 11-13, 2006},

  booktitle = {POPL},

  publisher = {ACM},

  year      = {2006},

  isbn      = {1-59593-027-2},

  bibsource = {DBLP, http://dblp.uni-trier.de}

}



@article{ weide94design,

    author = "Bruce W. Weide and Stephen H. Edwards and Douglas E. Harms and David Alex Lamb",

    title = {{Design and Specification of Iterators Using the Swapping Paradigm}},

    journal = "Software Engineering",

    volume = "20",

    number = "8",

    pages = "631-643",

    year = "1994",

    url = "citeseer.ist.psu.edu/weide92design.html" }

    

@article{DBLP:journals/jfp/Hutton99,

  author    = {Graham Hutton},

  title     = {{A Tutorial on the Universality and Expressiveness of Fold}},

  journal   = {J. Funct. Program.},

  volume    = {9},

  number    = {4},

  year      = {1999},

  pages     = {355-372},

  bibsource = {DBLP, http://dblp.uni-trier.de}

}



@inproceedings{DBLP:conf/fpca/MeijerH95,

  author    = {Erik Meijer and

               Graham Hutton},

  title     = {{Bananas in Space: Extending Fold and Unfold to Exponential

               Types}},

  booktitle = {FPCA},

  year      = {1995},

  pages     = {324-333},

  bibsource = {DBLP, http://dblp.uni-trier.de}

}





@article{DBLP:journals/cl/HaynesFW86,

  author    = {Christopher T. Haynes and

               Daniel P. Friedman and

               Mitchell Wand},

  title     = {{Obtaining Coroutines with Continuations}},

  journal   = {Comput. Lang.},

  volume    = {11},

  number    = {3/4},

  year      = {1986},

  pages     = {143-153},

  bibsource = {DBLP, http://dblp.uni-trier.de}

}



@inproceedings{DBLP:conf/fpl/GuoL95,

  author    = {Shaori Guo and

               Wayne Luk},

  title     = {{Compiling Ruby into FPGAs}},

  booktitle = {FPL},

  year      = {1995},

  pages     = {188-197},

  crossref  = {DBLP:conf/fpl/1995},

  bibsource = {DBLP, http://dblp.uni-trier.de}

}



@inproceedings{DBLP:conf/oopsla/Sasada05,

  author    = {Koichi Sasada},

  title     = {{YARV: yet another RubyVM: innovating the ruby interpreter}},

  booktitle = {OOPSLA Companion},

  year      = {2005},

  pages     = {158-159},

  ee        = {http://doi.acm.org/10.1145/1094855.1094912},

  crossref  = {DBLP:conf/oopsla/2005c},

  bibsource = {DBLP, http://dblp.uni-trier.de}

}



@proceedings{DBLP:conf/oopsla/2005c,

  editor    = {Ralph Johnson and

               Richard P. Gabriel},

  title     = {Companion to the 20th Annual ACM SIGPLAN Conference on Object-Oriented

               Programming, Systems, Languages, and Applications, OOPSLA

               2005, October 16-20, 2005, San Diego, CA, USA},

  booktitle = {OOPSLA Companion},

  publisher = {ACM},

  year      = {2005},

  isbn      = {1-59593-193-7},

  bibsource = {DBLP, http://dblp.uni-trier.de}

}



@proceedings{DBLP:conf/fpl/1995,

  editor    = {Will Moore and

               Wayne Luk},

  title     = {{Field-Programmable Logic and Applications, 5th International

               Workshop, FPL '95, Oxford, UK, August 29 - September 1,

               1995, Proceedings}},

  booktitle = {FPL},

  publisher = {Springer},

  series    = {Lecture Notes in Computer Science},

  volume    = {975},

  year      = {1995},

  isbn      = {3-540-60294-1},

  bibsource = {DBLP, http://dblp.uni-trier.de}

}



@inproceedings{ pyarali01evaluating,

    author = "Irfan Pyarali and Marina Spivak and Ron Cytron and Douglas C. Schmidt",

    title = "Evaluating and Optimizing Thread Pool Strategies for Real-Time {CORBA}",

    booktitle = "{LCTES}/{OM}",

    pages = "214-222",

    year = "2001",

    url = "citeseer.ist.psu.edu/451897.html" }

