@article{millerSym,
 author={Miller, W.},
 title={{The Maximum Order of an Element of a Finite Symmetric Group}}, 
 journal={{American Mathematical Monthly}}, 
 volume=94, 
 year=1987,
 pages={497–-506}
}

@misc{binarylambda,
    author = {John Tromp},
    title = {Binary Lambda Calculus and Combinatory Logic},
    note = {Published electronically at https://tromp.github.io/cl/LC.pdf},
    year = {2018},
}

@inproceedings{pearce97,
 author = {Pearce, David},
 title = {A New Logical Characterisation of Stable Models and Answer Sets},
 booktitle = {Selected Papers from the Non-Monotonic Extensions of Logic Programming},
 series = {NMELP '96},
 year = {1997},
 isbn = {3-540-62843-6},
 pages = {57--70},
 numpages = {14},
 url = {http://dl.acm.org/citation.cfm?id=646414.692697},
 acmid = {692697},
 publisher = {Springer-Verlag},
 address = {Berlin, Heidelberg},
} 

@inproceedings{lifer05,
  author    = {Paolo Ferraris and
               Vladimir Lifschitz},
  title     = {Mathematical Foundations of Answer Set Programming},
  booktitle = {We Will Show Them! Essays in Honour of Dov Gabbay, Volume One},
  pages     = {615--664},
  year      = {2005},
  crossref  = {DBLP:conf/birthday/2005gabbay1},
  timestamp = {Wed, 23 Nov 2005 14:53:03 +0100},
  biburl    = {https://dblp.org/rec/bib/conf/birthday/FerrarisL05},
  bibsource = {dblp computer science bibliography, https://dblp.org}
}

@proceedings{DBLP:conf/birthday/2005gabbay1,
  editor    = {Sergei N. Art{\"{e}}mov and
               Howard Barringer and
               Artur S. d'Avila Garcez and
               Lu{\'{\i}}s C. Lamb and
               John Woods},
  title     = {We Will Show Them! Essays in Honour of Dov Gabbay, Volume One},
  publisher = {College Publications},
  year      = {2005},
  isbn      = {1-904987-25-7},
  timestamp = {Wed, 23 Nov 2005 14:53:03 +0100},
  biburl    = {https://dblp.org/rec/bib/conf/birthday/2005gabbay1},
  bibsource = {dblp computer science bibliography, https://dblp.org}
}
@article{wosSym,
title = "Automated theorem proving and logic programming: a natural symbiosis",
journal = "The Journal of Logic Programming",
volume = "11",
number = "1",
pages = "1 - 53",
year = "1991",
issn = "0743-1066",
doi = "https://doi.org/10.1016/0743-1066(91)90008-D",
url = "http://www.sciencedirect.com/science/article/pii/074310669190008D",
author = "Larry Wos and William McCune"
}

@inproceedings{agda,
 author = {Norell, Ulf},
 title = {{Dependently Typed Programming in Agda}},
 booktitle = {Proceedings of the 6th International Conference on Advanced Functional Programming},
 series = {AFP'08},
 year = {2009},
 isbn = {3-642-04651-7, 978-3-642-04651-3},
 location = {Heijen, The Netherlands},
 pages = {230--266},
 numpages = {37},
 url = {http://dl.acm.org/citation.cfm?id=1813347.1813352},
 acmid = {1813352},
 publisher = {Springer-Verlag},
 address = {Berlin, Heidelberg},
} 

@article{iltp,
author = {Raths, Thomas and Otten, Jens and Kreitz, Christoph},
year = {2007},
month = {04},
pages = {261-271},
title = {The ILTP Problem Library for Intuitionistic Logic: Release v1.1},
volume = {38},
booktitle = {Journal of Automated Reasoning}
}

@article{qcheck,
 author = {Claessen, Koen and Hughes, John},
 title = {QuickCheck: A Lightweight Tool for Random Testing of Haskell Programs},
 journal = {SIGPLAN Not.},
 issue_date = {April 2011},
 volume = {46},
 number = {4},
 month = may,
 year = {2011},
 issn = {0362-1340},
 pages = {53--64},
 numpages = {12},
 doi = {10.1145/1988042.1988046},
 publisher = {ACM},
 address = {New York, NY, USA},
}

@article{horn1962,
author = "Horn, Alfred",
fjournal = "Journal of Symbolic Logic",
journal = "J. Symbolic Logic",
month = "12",
number = "4",
pages = "391--399",
publisher = "Association for Symbolic Logic",
title = "The Separation Theorem of Intuitionist Propositional Calculus",
volume = "27",
year = "1962"
}

@incollection{gabbay2002goal,
  title={Goal-oriented deductions},
  author={Gabbay, Dov and Olivetti, Nicola},
  booktitle={Handbook of Philosophical Logic},
  pages={199--285},
  year={2002},
  publisher={Springer}
}

@article{nprolog85,
  title={N-PROLOG: An extension of PROLOG with hypothetical implication. II. Logical foundations, and negation as failure},
  author={Gabbay, Dov M.},
  journal={The Journal of Logic Programming},
  volume={2},
  number={4},
  pages={251--283},
  year={1985},
  publisher={Elsevier}
}

@article{nprolog84,
  title={N-Prolog: An extension of Prolog with hypothetical implications. I.},
  author={Gabbay, Dov M and Reyle, Uwe},
  journal={The Journal of Logic Programming},
  volume={1},
  number={4},
  pages={319--355},
  year={1984},
  publisher={Elsevier}
}

@article{wadler15,
  title={Propositions as types},
  author={Philip Wadler},
  journal={Commun. ACM},
  year={2015},
  volume={58},
  pages={75-84}
}

@inproceedings{ccoq,
 author = {Coquand, Catarina},
 title = {From Semantics to Rules: A Machine Assisted Analysis},
 booktitle = {Selected Papers from the 7th Workshop on Computer Science Logic},
 series = {CSL '93},
 year = {1994},
 isbn = {3-540-58277-0},
 pages = {91--105},
 numpages = {15},
 acmid = {736438},
 publisher = {Springer-Verlag},
 address = {London, UK, UK},
} 

@book{hindleyTypes,
 author = {Hindley, J. Roger},
 title = {{Basic Simple Type Theory}},
 year = {1997},
 isbn = {0-521-46518-4},
 publisher = {Cambridge University Press},
 address = {New York, NY, USA},
} 

@inproceedings{HerIJT,
 author = {Herbelin, Hugo},
 title = {{A Lambda-Calculus Structure Isomorphic to Gentzen-Style Sequent Calculus Structure}},
 booktitle = {Selected Papers from the 8th International Workshop on Computer Science Logic},
 series = {CSL '94},
 year = {1995},
 isbn = {3-540-60017-5},
 pages = {61--75},
 numpages = {15},
 publisher = {Springer-Verlag},
 address = {London, UK, UK},
} 

@article{fittingTAP,
author = {Fitting, Melvin},
title = {{leanTAP Revisited}},
journal = {Journal of Logic and Computation},
volume = {8},
number = {1},
pages = {33-47},
year = {1998}
}

@article{stam_urn,
title = "Generation of a random partition of a finite set by an urn model",
journal = "Journal of Combinatorial Theory, Series A",
volume = "35",
number = "2",
pages = "231 - 240",
year = "1983",
author = "A.J Stam"
}


@article{dy1, 
title={{Contraction-free sequent calculi for intuitionistic logic}}, 
volume={57}, 
DOI={10.2307/2275431}, 
number={3}, 
journal={Journal of Symbolic Logic}, 
publisher={Cambridge University Press}, 
author={Dyckhoff, Roy}, 
year={1992}, 
pages={795–807}}

@inproceedings{dy2,
author="Dyckhoff, Roy",
editor="Kahle, Reinhard
and Strahm, Thomas
and Studer, Thomas",
title={{Intuitionistic Decision Procedures Since Gentzen}},
bookTitle="Advances in Proof Theory",
year="2016",
publisher="Springer International Publishing",
address="Cham",
pages="245--267"
}



@article{gent,
	volume = {39},
	author = {M. E. Szabo},
	number = {1},
	year = {1972},
	journal = {Philosophy of Science},
	title = {{The Collected Papers of Gerhard Gentzen}},
	publisher = {University of Chicago Press}
}


@book{girardTaylor,
  added-at = {2010-08-25T08:47:38.000+0200},
  author = {Girard, Jean-Yves and Lafont, Yves and Taylor, Paul},
  biburl = {https://www.bibsonomy.org/bibtex/21968e2f797bfc9956764a8e568be3434/miguel.pagano},
  interhash = {e3fae0c9e885c20f4964411efba130c9},
  intrahash = {1968e2f797bfc9956764a8e568be3434},
  isbn = {{0-521-37181-3}},
  publisher = {{Cambridge University Press}},
  series = {{Cambridge Tracts in Theoretical Computer Science}},
  title = {{Proofs and Types}},
  volume = {{7}},
  year = {{1989}}
}


@article{linlog,
title = "Linear logic",
journal = "Theoretical Computer Science",
volume = "50",
number = "1",
pages = "1 - 101",
year = "1987",
author = "Jean-Yves Girard"
}


@Inbook{girard92,
author="Girard, Jean-Yves
and Scedrov, Andre
and Scott, Philip J.",
editor="Moschovakis, Yiannis N.",
title={{Normal Forms and Cut-Free Proofs as Natural Transformations}},
bookTitle="Logic from Computer Science: Proceedings of a Workshop held November 13--17, 1989",
year="1992",
publisher="Springer New York",
address="New York, NY",
pages="217--241"
}


@ARTICLE{shor14ent,
   author = {{Movassagh}, R. and {Shor}, P.~W.},
    title = "{Power law violation of the area law in quantum spin chains}",
  journal = {ArXiv e-prints},
archivePrefix = "arXiv",
   eprint = {1408.1657},
 primaryClass = "quant-ph",
 keywords = {Quantum Physics, Condensed Matter - Strongly Correlated Electrons, Mathematical Physics},
     year = 2014,
    month = aug,
   adsurl = {http://adsabs.harvard.edu/abs/2014arXiv1408.1657M},
  adsnote = {Provided by the SAO/NASA Astrophysics Data System}
}


@article{plotkinLCF,
title = {{LCF considered as a programming language}},
journal = "Theoretical Computer Science",
volume = "5",
number = "3",
pages = "223 - 255",
year = "1977",
issn = "0304-3975",
doi = "https://doi.org/10.1016/0304-3975(77)90044-5",
url = "http://www.sciencedirect.com/science/article/pii/0304397577900445",
author = "G.D. Plotkin"
}

@article{scott93,
 author = {Scott, Dana S.},
 title = {{A Type-theoretical Alternative to ISWIM, CUCH, OWHY}},
 journal = {Theor. Comput. Sci.},
 issue_date = {Dec. 6, 1993},
 volume = {121},
 number = {1-2},
 month = dec,
 year = {1993},
 issn = {0304-3975},
 pages = {411--440},
 numpages = {30},
 url = {http://dx.doi.org/10.1016/0304-3975(93)90095-B},
 doi = {10.1016/0304-3975(93)90095-B},
 acmid = {170034},
 publisher = {Elsevier Science Publishers Ltd.},
 address = {Essex, UK},
} 
[download]

@ARTICLE{duchon04,
    author = {Philippe Duchon and Philippe Flajolet and Guy Louchard and Gilles Schaeffer},
    title = {{Boltzmann Samplers For The Random Generation Of Combinatorial Structures}},
    journal = {Combinatorics, Probability and Computing},
    year = {2004},
    volume = {13},
    pages = {2004}
}

@article{robinson:machine:jacm:65,
     author = "Robinson, J. A.",
     title = {{A Machine-Oriented Logic Based on the Resolution Principle}},
     journal = "JACM",
     volume = 12,
     number = 1,
     year = 1965,
     pages = "23--41"
     }
		 
@inproceedings{deptypesProg,
 author = {Xi, Hongwei and Pfenning, Frank},
 title = {{Dependent Types in Practical Programming}},
 booktitle = {Proceedings of the 26th ACM SIGPLAN-SIGACT Symposium on Principles of Programming Languages},
 series = {POPL '99},
 year = {1999},
 isbn = {1-58113-095-3},
 location = {San Antonio, Texas, USA},
 pages = {214--227},
 numpages = {14},
 url = {http://doi.acm.org/10.1145/292540.292560},
 doi = {10.1145/292540.292560},
 acmid = {292560},
 publisher = {ACM},
 address = {New York, NY, USA},
} 


@inproceedings{ReynoldsPoly,
 author = {Reynolds, John C.},
 title = {{Towards a Theory of Type Structure}},
 booktitle = {Programming Symposium, Proceedings Colloque Sur La Programmation},
 year = {1974},
 isbn = {3-540-06859-7},
 pages = {408--423},
 numpages = {16},
 url = {http://dl.acm.org/citation.cfm?id=647323.721503},
 acmid = {721503},
 publisher = {Springer-Verlag},
 address = {London, UK, UK},
} 


@article{lescanne13,
title = "On counting untyped lambda terms",
journal = "Theoretical Computer Science",
volume = "474",
number = "",
pages = "80 - 97",
year = "2013",
note = "",
issn = "0304-3975",
doi = "http://dx.doi.org/10.1016/j.tcs.2012.11.019",
url = "http://www.sciencedirect.com/science/article/pii/S0304397512010493",
author = "Pierre Lescanne",
keywords = "Combinatorics",
keywords = "Lambda calculus",
keywords = "Functional programming",
keywords = "Randomization",
keywords = "Catalan numbers"
}


@article{pettorossi1994transformation,
  title={Transformation of logic programs: Foundations and Techniques},
  author={Pettorossi, Alberto and Proietti, Maurizio},
  journal={The Journal of Logic Programming},
  volume={19},
  pages={261--320},
  year={1994},
  publisher={North-Holland}
}

@article{flajolet1990singularity,
  title={Singularity analysis of generating functions},
  author={Flajolet, Philippe and Odlyzko, Andrew},
  journal={SIAM Journal on discrete mathematics},
  volume={3},
  number={2},
  pages={216--240},
  year={1990},
  publisher={SIAM}
}

@article{mot2bij,
title = {{A bijection between ordered trees and 2-Motzkin paths and its many consequences}},
journal = "Discrete Mathematics",
volume = "256",
number = "3",
pages = "655 - 670",
year = "2002",
note = "",
issn = "0012-365X",
doi = "http://dx.doi.org/10.1016/S0012-365X(02)00341-2",
url = "http://www.sciencedirect.com/science/article/pii/S0012365X02003412",
author = "Emeric Deutsch and Louis W. Shapiro",
keywords = "Ordered trees",
keywords = "Motzkin paths",
keywords = "Binary trees",
keywords = "Bushes",
keywords = "{0,12}-trees",
keywords = "Schrödinger paths",
keywords = "RNA secondary structures",
keywords = "Fine paths",
keywords = "Davenport–Schinzel sequences"
}

@article{bend2017,
  author={Bendkowski, Maciej},
  title={{Boltzmann-brain}},
  note={Software (Haskell stack module), published electronically at 
\url{https://github.com/maciej-bendkowski/boltzmann-brain}},
  year={2017},
}

@article{lescanne17,
  author    = {Pierre Lescanne},
  title     = {Quantitative aspects of linear and affine closed lambda terms},
  journal   = {CoRR},
  volume    = {abs/1702.03085},
  year      = {2017},
  url       = {http://arxiv.org/abs/1702.03085},
  timestamp = {Wed, 01 Mar 2017 14:26:00 +0100},
  biburl    = {http://dblp.uni-trier.de/rec/bib/journals/corr/Lescanne17},
  bibsource = {dblp computer science bibliography, http://dblp.org}
}

@article{bodini13,
title = {{Asymptotics and random sampling for BCI and BCK lambda terms}},
journal = {{Theoretical Computer Science}},
volume = "502",
number = "",
pages = "227 - 238",
year = "2013",
author = "O. Bodini and D. Gardy and A. Jacquot",
}

@article{density08,
  author    = {Zofia Kostrzycka and
               Marek Zaionc},
  title     = {Asymptotic Densities in Logic and Type Theory},
  journal   = {Studia Logica},
  volume    = {88},
  number    = {3},
  pages     = {385--403},
  year      = {2008},
  url       = {http://dx.doi.org/10.1007/s11225-008-9110-0},
  doi       = {10.1007/s11225-008-9110-0},
  timestamp = {Fri, 08 Aug 2008 15:36:01 +0200},
  biburl    = {http://dblp.uni-trier.de/rec/bib/journals/sLogica/KostrzyckaZ08},
  bibsource = {dblp computer science bibliography, http://dblp.org}
}

@inproceedings{holo13,
author = {A. Bacher and O. Bodini and A. Jacquot},
title = {{Exact-size Sampling for Motzkin Trees in Linear Time via Boltzmann Samplers and Holonomic Specification}},
booktitle = {2013 Proceedings of the Tenth Workshop on Analytic Algorithmics and Combinatorics (ANALCO)},
editor    = {Markus E. Nebel and Wojciech Szpankowski},
year = 2013,
publisher = {{SIAM}},
pages = {52-61},
}


@article{fior15,
author = {Fioravanti, Fabio and Proietti, Maurizio and Senni, Valerio}, 
title = {Efficient generation of test data structures using constraint logic programming and program transformation},
volume = {25}, 
number = {6}, 
pages = {1263-1283}, 
year = {2015}, 
doi = {10.1093/logcom/ext071},  
journal = {Journal of Logic and Computation} 
}


@article{les14bolz,
  author    = {Pierre Lescanne},
  title     = {{Boltzmann samplers for random generation of lambda terms}},
  journal   = {CoRR},
  volume    = {abs/1404.3875},
  year      = {2014},
  url       = {http://arxiv.org/abs/1404.3875},
  timestamp = {Thu, 01 May 2014 14:56:20 +0200},
  biburl    = {http://dblp.uni-trier.de/rec/bib/journals/corr/Lescanne14},
  bibsource = {dblp computer science bibliography, http://dblp.org}
}


@article{binlamb1,
  author    = {Katarzyna Grygiel and
               Pierre Lescanne},
  title     = {{Counting and Generating Terms in the Binary Lambda Calculus (Extended
               version)}},
  journal   = {CoRR},
  volume    = {abs/1511.05334},
  year      = {2015}
}

@article{binlamb,
  author    = {Katarzyna Grygiel and
               Pierre Lescanne},
  title     = {Counting and generating terms in the binary lambda calculus},
  journal   = {J. Funct. Program.},
  volume    = {25},
  year      = {2015},
  url       = {http://dx.doi.org/10.1017/S0956796815000271},
  doi       = {10.1017/S0956796815000271},
  timestamp = {Tue, 26 Jan 2016 16:08:20 +0100},
  biburl    = {http://dblp.uni-trier.de/rec/bib/journals/jfp/GrygielL15},
  bibsource = {dblp computer science bibliography, http://dblp.org}
}



@inproceedings{tautintclass,
  author    = {Antoine Genitrini and
               Jakub Kozik and
               Marek Zaionc},
  title     = {{Intuitionistic vs. Classical Tautologies, Quantitative Comparison}},
  booktitle = {Types for Proofs and Programs, International Conference, {TYPES} 2007,
               Cividale del Friuli, Italy, May 2-5, 2007, Revised Selected Papers},
  pages     = {100--109},
  year      = {2007},
  crossref  = {DBLP:conf/types/2007},
  url       = {http://dx.doi.org/10.1007/978-3-540-68103-8_7},
  doi       = {10.1007/978-3-540-68103-8_7},
  timestamp = {Thu, 23 Sep 2010 11:05:27 +0200},
  biburl    = {http://dblp.uni-trier.de/rec/bib/conf/types/GenitriniKZ07},
  bibsource = {dblp computer science bibliography, http://dblp.org}
}

@proceedings{DBLP:conf/types/2007,
  editor    = {Marino Miculan and
               Ivan Scagnetto and
               Furio Honsell},
  title     = {Types for Proofs and Programs, International Conference, {TYPES} 2007,
               Cividale del Friuli, Italy, May 2-5, 2007, Revised Selected Papers},
  series    = {Lecture Notes in Computer Science},
  volume    = {4941},
  publisher = {Springer},
  year      = {2008},
  isbn      = {978-3-540-68084-0},
  timestamp = {Thu, 23 Sep 2010 11:05:27 +0200},
  biburl    = {http://dblp.uni-trier.de/rec/bib/conf/types/2007},
  bibsource = {dblp computer science bibliography, http://dblp.org}
}

@inproceedings{maciej16,
  author    = {Maciej Bendkowski and
               Katarzyna Grygiel and
               Pierre Lescanne and
               Marek Zaionc},
  title     = {{A Natural Counting of Lambda Terms}},
  booktitle = {{SOFSEM} 2016: Theory and Practice of Computer Science - 42nd International
               Conference on Current Trends in Theory and Practice of Computer Science,
               Harrachov, Czech Republic, January 23-28, 2016, Proceedings},
  pages     = {183--194},
  year      = {2016},
  crossref  = {DBLP:conf/sofsem/2016},
  url       = {http://dx.doi.org/10.1007/978-3-662-49192-8_15},
  doi       = {10.1007/978-3-662-49192-8_15},
  timestamp = {Thu, 14 Jan 2016 15:37:35 +0100},
  biburl    = {http://dblp.uni-trier.de/rec/bib/conf/sofsem/BendkowskiGLZ16},
  bibsource = {dblp computer science bibliography, http://dblp.org}
}


@proceedings{DBLP:conf/sofsem/2016,
  editor    = {Rusins Martins Freivalds and
               Gregor Engels and
               Barbara Catania},
  title     = {{SOFSEM} 2016: Theory and Practice of Computer Science - 42nd International
               Conference on Current Trends in Theory and Practice of Computer Science,
               Harrachov, Czech Republic, January 23-28, 2016, Proceedings},
  series    = {Lecture Notes in Computer Science},
  volume    = {9587},
  publisher = {Springer},
  year      = {2016},
  url       = {http://dx.doi.org/10.1007/978-3-662-49192-8},
  doi       = {10.1007/978-3-662-49192-8},
  isbn      = {978-3-662-49191-1},
  timestamp = {Thu, 14 Jan 2016 15:30:56 +0100},
  biburl    = {http://dblp.uni-trier.de/rec/bib/conf/sofsem/2016},
  bibsource = {dblp computer science bibliography, http://dblp.org}
}
homebrowsesearchabout



@article{statman79,
  author    = {Richard Statman},
  title     = {{Intuitionistic Propositional Logic is Polynomial-Space Complete}},
  journal   = {Theor. Comput. Sci.},
  volume    = {9},
  pages     = {67--72},
  year      = {1979},
  url       = {http://dx.doi.org/10.1016/0304-3975(79)90006-9},
  doi       = {10.1016/0304-3975(79)90006-9},
  timestamp = {Wed, 07 Sep 2011 12:13:22 +0200},
  biburl    = {http://dblp.uni-trier.de/rec/bib/journals/tcs/Statman79},
  bibsource = {dblp computer science bibliography, http://dblp.org}
}

@inproceedings{statman77,
  author    = {Richard Statman},
  title     = {{The Typed lambda-Calculus Is not Elementary Recursive}},
  booktitle = {18th Annual Symposium on Foundations of Computer Science, Providence,
               Rhode Island, USA, 31 October - 1 November 1977},
  pages     = {90--94},
  year      = {1977},
  crossref  = {FOCS18},
  doi       = {10.1109/SFCS.1977.34},
}

@proceedings{FOCS18,
  title     = {18th Annual Symposium on Foundations of Computer Science, Providence,
               Rhode Island, USA, 31 October - 1 November 1977},
  publisher = {{IEEE} Computer Society},
  year      = {1977}
}

@book{flajolet09,
 author = {Flajolet, Philippe and Sedgewick, Robert},
 title = {{Analytic Combinatorics}},
 year = {2009},
 isbn = {0521898064, 9780521898065},
 edition = {1},
 publisher = {Cambridge University Press},
 address = {New York, NY, USA},
} 

@article{hud93,
author = {Hudelmaier, J.},
title = {{An O(n log n)-Space Decision Procedure for Intuitionistic Propositional Logic}},
journal = {Journal of Logic and Computation},
volume = {3},
number = {1},
pages = {63-75},
year = {1993}
}

@book{hud88,
  title={A PROLOG Program for Intuitionistic Logic},
  author={Hudelmaier, J.},
  series={SNS-Bericht-},
  url={https://books.google.com/books?id=\_\_2KPgAACAAJ},
  year={1988},
  publisher={Universit{\"a}t T{\"u}bingen}
}

@incollection{asySK,
year={2015},
booktitle={Theory and Applications of Models of Computation},
volume={9076},
series={Lecture Notes in Computer Science},
editor={Jain, Rahul and Jain, Sanjay and Stephan, Frank},
title={Asymptotic Properties of Combinatory Logic},
publisher={Springer International Publishing},
author={Bendkowski, Maciej and Grygiel, Katarzyna and Zaionc, Marek},
pages={62-72},
}

@inproceedings{fetscher15,
  author    = {Burke Fetscher and
               Koen Claessen and
               Michal H. Palka and
               John Hughes and
               Robert Bruce Findler},
  title     = {Making Random Judgments: Automatically Generating Well-Typed Terms
               from the Definition of a Type-System},
  booktitle = {Programming Languages and Systems - 24th European Symposium on Programming,
               {ESOP} 2015, Held as Part of the European Joint Conferences on Theory
               and Practice of Software, {ETAPS} 2015, London, UK, April 11-18, 2015.
               Proceedings},
  pages     = {383--405},
  year      = {2015},
}


@phdthesis{ben79,
  title={{Type assignment in the lambda-calculus: Syntax and semantics}},
  author={Ben-Yelles, Choukri-Bey},
  year={1979},
  school={University College of Swansea}
}

@inproceedings{lamping90,
  author    = {John Lamping},
  title     = {{An Algorithm for Optimal Lambda Calculus Reduction}},
  booktitle = {Conference Record of the Seventeenth Annual {ACM} Symposium on Principles
               of Programming Languages, San Francisco, California, USA, January
               1990},
  pages     = {16--30},
  year      = {1990},
}

@article{remy85,
author = {R\'emy, Jean-Luc},
journal = {RAIRO - Theoretical Informatics and Applications - Informatique Th\'eorique et Applications},
number = {2},
pages = {179-195},
publisher = {EDP Sciences},
title = {Un proc\'ed\'e it\'eratif de d\'enombrement d'arbres binaires et son application \`a leur g\'en\'eration al\'eatoire},
volume = {19},
year = {1985},
}

@article {turner79,
author = {Turner, D. A.},
title = {A new implementation technique for applicative languages},
journal = {Software: Practice and Experience},
volume = {9},
number = {1},
publisher = {John Wiley & Sons, Ltd.},
pages = {31--49},
year = {1979},
}



@book{hindley2008lambda,
  title={Lambda-calculus and combinators: an introduction},
  author={Hindley, J Roger and Seldin, Jonathan P},
  volume={13},
  year={2008},
  publisher={Cambridge University Press Cambridge}
}

@inproceedings{palka11,
 author = {Palka, Michal H. and Claessen, Koen and Russo, Alejandro and Hughes, John},
 title = {Testing an Optimising Compiler by Generating Random Lambda Terms},
 booktitle = {Proceedings of the 6th International Workshop on Automation of Software Test},
 series = {AST'11},
 year = {2011},
 location = {Waikiki, Honolulu, HI, USA},
 pages = {91--97},
 numpages = {7},
 publisher = {ACM},
 address = {New York, NY, USA},
} 


@book{dynSys,
 author               = {A. Katok and B. Hasselblatt},
 publisher            = {Cambridge Univ. Press},
 series               = {Ency. of Math. and its App.},
 title                = {Introduction to the modern theory of dynamical systems},
 volume               = {54},
 year                 = {1995},
 }
 


@article{iotaStay,
  author    = {Michael Stay},
  title     = {Very Simple Chaitin Machines for Concrete {AIT}},
  journal   = {CoRR},
  volume    = {abs/cs/0508056},
  year      = {2005},
  url       = {http://arxiv.org/abs/cs/0508056},
}

@article{OnePoint,
  author    = {Mayer Goldberg},
  title     = {A construction of one-point bases in extended lambda calculi},
  journal   = {Inf. Process. Lett.},
  volume    = {89},
  number    = {6},
  pages     = {281--286},
  year      = {2004}
}

@article{kamaDB,
author = {Kamareddine, Fairouz}, 
title = {{Reviewing the Classical and the de Bruijn Notation for λ‐calculus and Pure Type Systems}},
volume = {11}, 
number = {3}, 
pages = {363-394}, 
year = {2001}, 
journal = {Journal of Logic and Computation} 
}

@misc{numhack,
   author = "Conor McBride",
   title = {{I am not a number, I am a classy hack}},
   year = "2010",
   note = "{\em Blog entry:} \verb~http://mazzo.li/epilogue/index.html%3Fp=773.html~"
 }
 
@incollection{sestoftLam,
 author = {Sestoft, Peter},
 title = {Demonstrating Lambda Calculus Reduction},
 booktitle = {The Essence of Computation},
 editor = {Mogensen, Torben \AE and Schmidt, David A. and Sudborough, I. Hal},
 year = {2002},
 pages = {420--435},
 numpages = {16},
 publisher = {Springer-Verlag New York, Inc.},
 address = {New York, NY, USA},
} 

@inproceedings{hoas,
 author = {Pfenning, F. and Elliot, C.},
 title = {Higher-order Abstract Syntax},
 booktitle = {Proceedings of the ACM SIGPLAN 1988 Conference on Programming Language Design and Implementation},
 series = {PLDI '88},
 year = {1988},
 isbn = {0-89791-269-1},
 location = {Atlanta, Georgia, USA},
 pages = {199--208},
 numpages = {10},
 publisher = {ACM},
 address = {New York, NY, USA},
} 


@misc{binlambcalc,
   author = "Wikipedia",
   title = "Binary lambda calculus --- Wikipedia The Free Encyclopedia",
   year = "2015",
   url = "http://en.wikipedia.org/w/index.php?title=Binary_lambda_calculus&oldid=647593754",
   note = "[Online; accessed 20-February-2015]"
 }
 
@book{miller12,
 author = {Miller, Dale and Nadathur, Gopalan},
 title = {Programming with Higher-Order Logic},
 year = {2012},
 publisher = {Cambridge University Press},
 address = {New York, NY, USA},
} 


@incollection{teyjus99,
year={1999},
booktitle={Automated Deduction — CADE-16},
volume={1632},
series={Lecture Notes in Computer Science},
title={{System Description: Teyjus A Compiler and Abstract Machine Based Implementation of $\lambda$Prolog}},
publisher={Springer Berlin Heidelberg},
author={Nadathur, Gopalan and Mitchell, DustinJ.},
pages={287-291}
}

@inproceedings{miller91b,
  author = {D. Miller},
  title = {Unification of Simply Typed Lambda-Terms as Logic Programming},
  booktitle = {Proc. Int. Conference on Logic Programming (Paris)},
  publisher = {MIT Press},
  year = {1991},
  pages = {255--269}
}

@incollection{bar93,
  author = {H. P. Barendregt},
  title = {Lambda Calculi with Types},
  booktitle = {Handbook of Logic in Computer Science},
  publisher = {Oxford University Press},
  year = {1991},
  volume = {2},
}

@book{bar84,
  author = {H. P. Barendregt},
  title = {The Lambda Calculus Its Syntax and Semantics},
  publisher = {North Holland},
  year = {1984},
  volume = {103},
  edition = {Revised},
}

@inproceedings{bodini11,
  title={Lambda-terms of Bounded Unary Height.},
  author={Bodini, Olivier and Gardy, Daniele and Gittenberger, Bernhard},
  booktitle={ANALCO},
  pages={23--32},
  year={2011},
  organization={SIAM}
}


@article{normalizing13,
  title={Asymptotically almost all $\lambda$-terms are strongly normalizing},
  author={David, Ren{\'e} and Grygiel, Katarzyna and Kozik, Jakub and Raffalli, Christophe and Theyssier, Guillaume and Zaionc, Marek},
  journal={Preprint: arXiv: math. LO/0903.5505 v3},
  year = 2010
}

@article{BCI13,
  author    = {Katarzyna Grygiel and
               Pawel M. Idziak and
               Marek Zaionc},
  title     = {How big is {BCI} fragment of {BCK} logic},
  journal   = {J. Log. Comput.},
  volume    = {23},
  number    = {3},
  pages     = {673--691},
  year      = {2013}
}

@article{ranlamb09,
  author    = {Ren{\'{e}} David and
               Christophe Raffalli and
               Guillaume Theyssier and
               Katarzyna Grygiel and
               Jakub Kozik and
               Marek Zaionc},
  title     = {Some properties of random lambda terms},
  journal   = {Logical Methods in Computer Science},
  volume    = {9},
  number    = {1},
  year      = {2009}
}

@article{grygielGen,
  author    = {Katarzyna Grygiel and
               Pierre Lescanne},
  title     = {Counting and generating lambda terms},
  journal   = {J. Funct. Program.},
  volume    = {23},
  number    = {5},
  pages     = {594--628},
  year      = {2013}
}

@ARTICLE{dbruijn72,
    author = {de Bruijn, N. G.},
    title = {{Lambda calculus notation with nameless dummies, a tool for automatic formula manipulation, with application to the Church-Rosser Theorem}},
    journal = {Indagationes Mathematicae},
    year = {1972},
    volume = {34},
    pages = {381--392}
}

@ARTICLE{catiso,
    author = {Norbert Hungerb\"uhler},
    title = {The Isomorphism Problem for Catalan Families},
    journal = {J. Combin. Inform. System Sci},
    year = {1995},
    volume = {20},
    pages = {129--139}
}

@article{riemannPrimes,
    author={Bernhard Riemann},
    title={{Ueber die Anzahl der Primzahlen unter einer gegebenen Gr\"{o}sse }},
    journal= {Monatsberichte der Berliner Akademie},
    year = 1859,
}

@article{matula68,
  title={A natural rooted tree enumeration by prime factorization},
  author={Matula, D. W.},
  journal={SIAM Review},
  number={10},
  volume={273},
  pages={267--323},
  year={1968}
}


@article{granville2008smooth,
  title={Smooth numbers: computational number theory and beyond},
  author={Granville, Andrew},
  journal={Algorithmic number theory: lattices, number fields, curves and cryptography, Math. Sci. Res. Inst. Publ},
  volume={44},
  pages={267--323},
  year={2008}
}

@article{deutsch2002structure,
  title={The structure of the multiverse},
  author={Deutsch, David},
  journal={Proceedings of the Royal Society of London. Series A: Mathematical, Physical and Engineering Sciences},
  volume={458},
  number={2028},
  pages={2911--2923},
  year={2002},
  publisher={The Royal Society}
}

@incollection{pana11,
year={2011},
booktitle={Foundations of Software Science and Computational Structures},
volume={6604},
series={Lecture Notes in Computer Science},
editor={Hofmann, Martin},
doi={10.1007/978-3-642-19805-2_1},
title={{The Search for Structure in Quantum Computation}},
publisher={Springer Berlin Heidelberg},
author={Panangaden, Prakash},
pages={1-11}
}

@book{crypto13,
  author={Yan, Song Y.},
  title={Computational Number Theory and Modern Cryptography},
  publisher = {Wiley},
  address = {Singapore},
  year = 2013,
}

@article{primecoin,
     author = "Buterin, V.",
     title =  {{Primecoin: the cryptocurrency whose mining is actually useful.}},
     journal = "Bitcoin Magazine",
     year = {2013},
     month = "July 8",
     url="http://bitcoinmagazine.com/primecoin-the-cryptocurrency-whose-mining-is-actually-useful",
     }

@book{comparith,
  author={Brent, Richard P. and Zimmernann, Paul},
  title={{Modern Computer Arithmetic}},
  publisher = {Cambridge University Press},
  address = {Cambridge, UK},
  year = 2011,
}

@article{zbdds,
     author = {Minato, Shin-ichi},
     title =  {{Zero-Suppressed BDDs for Set Manipulation in Combinatorial Problems}},
     journal = "30-th ACM/IEEE Design Automation Conference",
     year = {1993},
     pages = "272--277",
}

@INPROCEEDINGS{bdds95, 
author={Bryant, R.E.}, 
booktitle={Computer-Aided Design, 1995. ICCAD-95. Digest of Technical Papers., 1995 IEEE/ACM International Conference on}, 
title={Binary decision diagrams and beyond: enabling technologies for formal verification}, 
year={1995}, 
pages={236 -- 243}
}
     
@article{bdds,
     author = "R.E. Bryant",
     title =  {{Graph-Based Algorithms for Boolean Function Manipulation}},
     journal = "IEEE Transactions on Computers",
     volume =  "C--35",
     number = {8},
     year = {1986},
     pages = "677--691"
     }
     
@book{StanleyEC,
 author = {Stanley, R P},
 title = {Enumerative Combinatorics},
 year = {1986},
 isbn = {0-534-06546-5},
 publisher = {Wadsworth Publ. Co.},
 address = {Belmont, CA, USA},
} 

@misc{stanleyAD,
    author = {Stanley, R P},
    title = {{Catalan Addendum}}, 
    note = {\url{http://www-math.mit.edu/~rstan/ec/catadd.pdf}},
   year = {2013},
}

@misc{tcalc,
   author = "Knuth, Donald E.",
   title = {{TCALC}},
   year = "1994",
   note = "\url{http://www-cs-faculty.stanford.edu/~uno/programs/tcalc.w.gz}",
 }



@book{htypes,
    author = {{The Univalent Foundations Program}},
    publisher = {Institute of Advanced Studies, Princeton},
    title = {{Homotopy Type Theory}},
    year = {2013},
    note = "\url{http://homotopytypetheory.org/2013/06/20/the-hott-book/}"
}


@book{salomaa,
    author = {Salomaa, Arto},
    publisher = {Academic Press, New York},
    title = {{Formal Languages}},
    year = {1973}
}

@article{part99,
  author    = {Sylvie Corteel and
               Boris Pittel and
               Carla D. Savage and
               Herbert S. Wilf},
  title     = {On the multiplicity of parts in a random partition},
  journal   = {Random Struct. Algorithms},
  volume    = {14},
  number    = {2},
  year      = {1999},
  pages     = {185-197},
 
 
}


@article{knuthUp,
title = {{Mathematics and Computer Science: Coping with Finiteness}},
journal = "Science",
volume = "194",
number = "4271",
pages = "1235 -1242",
year = "1976",
author = "Knuth, Donald E.",
}

 

@misc{uparrow,
   author = "Wikipedia",
   title = "Knuth's up-arrow notation --- Wikipedia{,} The Free Encyclopedia",
   year = "2013",
   note = "\url{http://en.wikipedia.org/w/index.php?title=Knuth%27s_up-arrow_notation}"
 }


@misc{tetration,
   author = "Wikipedia",
   title = "Tetration --- Wikipedia{,} The Free Encyclopedia",
   year = "2013",
   note = "\url{http://en.wikipedia.org/w/index.php?title=Tetration&oldid=554104193}"
 }

@misc{iterfun,
   author = "Wikipedia",
   title = "Iterated function --- Wikipedia{,} The Free Encyclopedia",
   year = "2013",
   note = "\url{http://en.wikipedia.org/w/index.php?title=Iterated_function&oldid=550061487}",
 }

@book{combi99,
  title={Combinatorial Algorithms: Generation, Enumeration, and Search},
  author={Donald L. Kreher and Stinson, D.R.},
  isbn={9780849339882},
  lccn={98041243},
  series={The CRC Press Series on Discrete Mathematics and its Applications},
  year={1999},
  publisher={CRC PressINC}
}


@book{surreal,
    abstract = {{ONAG, as the book is known, is one of those rare publications that sprang to life in a  moment of creative energy and has remained influential for over a quarter of a century. Still in high  demand, it is being republished with some adjustments and corrections. The original motivation for  writing the book was an attempt to understand the relation between the theories of transfinite numbers and  mathematical games. By defining numbers as the strengths of positions in certain games, the author  arrives at a new class, the surreal numbers (so named by Donald Knuth) that includes at the same time the  real numbers and the ordinal numbers.   <P>This new edition ends with an epilogue that sets the stage for further research on surreal numbers. The  book is a must-have for all readers with a serious interest in the mathematical foundations of game  strategies.}},
    author = {Conway, John H.},
    day = {01},
    edition = {2nd},
    isbn = {1568811276},
    publisher = {AK Peters, Ltd.},
    title = {{On Numbers and Games}},
    year = {2000}
}


@article{putievskiy2012transformations,
  title={Transformations Integer Sequences And Pairing Functions},
  author={Putievskiy, B.},
  journal={arXiv preprint arXiv:1212.2732},
  year={2012}
}


@ARTICLE{Briggs93anefficient,
    author = {Preston Briggs and Linda Torczon},
    title = {An Efficient Representation for Sparse Sets},
    journal = {ACM Letters on Programming Languages and Systems},
    year = {1993},
    volume = {2},
    pages = {59--69}
}

@inproceedings{vu09,
author={Vuillemin, J.E.},
booktitle={Computer Arithmetic, 2009. ARITH 2009. 19th IEEE Symposium on}, 
title={{Efficient Data Structure and Algorithms for Sparse Integers, Sets and Predicates}},
year={2009},
month=jun,
pages={7 -14},
ISSN={1063-6889},}


@misc{gimps,
   title = {{Great Internet Mersenne Prime Search}},
   year = "2013",
   note = {http://www.mersenne.org/}
 }

@misc{wiki:gimp,
   author = "Wikipedia",
   title = "Great Internet Mersenne Prime Search --- Wikipedia{,} The Free Encyclopedia",
   year = "2012",
   note = "\url{http://en.wikipedia.org/w/index.php?title=Great_Internet_Mersenne_Prime_Search&oldid=524762761}",
}


@techreport{pr,
          number = {1999-66},
           month = {November},
          author = {Lawrence Page and Sergey Brin and Rajeev Motwani and Terry Winograd},
            note = {Previous number = SIDL-WP-1999-0120},
           title = {{The PageRank Citation Ranking: Bringing Order to the Web.}},
            type = {Technical Report},
       publisher = {Stanford InfoLab},
            year = {1999},
     institution = {Stanford InfoLab},
             url = {http://ilpubs.stanford.edu:8090/422/},
}


@inproceedings{Mishra:2011:trust,
 author = {Mishra, Abhinav and Bhattacharya, Arnab},
 title = {Finding the bias and prestige of nodes in networks based on trust scores},
 booktitle = {Proceedings of the 20th international conference on World wide web},
 series = {WWW '11},
 year = {2011},
 isbn = {978-1-4503-0632-4},
 location = {Hyderabad, India},
 pages = {567--576},
 numpages = {10},
 acmid = {1963485},
 publisher = {ACM},
 address = {New York, NY, USA},
 keywords = {bias, deserve, prestige, social networks, trust-based network},
} 


@inproceedings{de2008pagetrust,
  title={{The PageTrust algorithm: how to rank web pages when negative links are allowed}},
  author={De Kerchove, C. and Dooren, PV},
  booktitle={Proc. SIAM Int. Conf. on Data Mining},
  pages={346--352},
  year={2008}
}


@article{Rigo2001469,
title = "Numeration systems on a regular language: arithmetic operations, recognizability and formal power series",
journal = "Theoretical Computer Science",
volume = "269",
number = {1-2},
pages = "469 - 498",
year = "2001",
author = "Michel Rigo",
}

@misc{wiki:bijbase,
   author = "Wikipedia",
   title = "Bijective numeration --- Wikipedia{,} The Free Encyclopedia",
   year = "2012",
   note = "\url{http://en.wikipedia.org/w/index.php?title=Bijective_numeration&oldid=483462536}",
 }

@article {rabin_rand,
author = {Rabin, Michael O. and Shallit, Jeffery O.},
title = {Randomized algorithms in number theory},
journal = {Communications on Pure and Applied Mathematics},
volume = {39},
number = {S1},
publisher = {Wiley Subscription Services, Inc., A Wiley Company},
issn = {1097-0312},
doi = {10.1002/cpa.3160390713},
pages = {S239--S256},
year = {1986},
}

@article {bruce93,
author = {Bruce, J. W.},
title = {{A Really Trivial Proof of the Lucas-Lehmer Test}},
journal = {The American Mathematical Monthly},
volume = {100},
number = {4},
pages = {370-371},
year = {1993},
}

@misc{wiki:cantorpair,
   author = "Wikipedia",
   title = "Pairing function --- Wikipedia{,} The Free Encyclopedia",
   year = "2011",
   note = "\url{http://en.wikipedia.org/w/index.php?title=Pairing_function&oldid=456999971}",
 }
 
@misc{wiki:foursquare,
   author = "Wikipedia",
   title = "Lagrange's four-square theorem --- Wikipedia{,} The Free Encyclopedia",
   year = "2012",
   url = "\url{http://en.wikipedia.org/w/index.php?title=Lagrange%27s_four-square_theorem&oldid=483042906}",
   note = "[Online; accessed 22-March-2012]"
 }
 
@misc{wiki:binomial,
   author = "Wikipedia",
   title = "Binomial coefficient --- Wikipedia{,} The Free Encyclopedia",
   year = "2012",
   url = "\url{http://en.wikipedia.org/w/index.php?title=Binomial_coefficient&oldid=482550597}",
   note = "[Online; accessed 21-March-2012]"
 }

@misc{wiki:comb,
   author = "Wikipedia",
   title = "Combinatorial number system --- Wikipedia{,} The Free Encyclopedia",
   year = "2011",
   url = "\url{http://en.wikipedia.org/w/index.php?title=Combinatorial_number_system&oldid=451161050}",
   note = "[Online; accessed 21-March-2012]"
 }
 
  
@incollection{lehmer64,
     title = {{The machine tools of combinatorics}},
     author = {Lehmer, D. H.},
     year = {1964},
     booktitle = {Applied combinatorial mathematics},
     publisher={Wiley},
     address={New York},
     pages={5--30},
    }


@article{lisi,
    author = {Lisi, Meri},
    title = {{Some remarks on the Cantor pairing function}},
    journal = {Le Matematiche},
    volume = {62},
    number = {1},
    year = {2007},
    keywords = {},
    abstract = {In this paper, some results and generalizations about the Cantor pairingfunction are given. In particular, it is investigated a very compact expressionfor the n-degree generalized Cantor pairing function (g.C.p.f., for short), thatpermits to obtain n−tupling functions which have the characteristics to ben-degree polynomials with rational coefficients. A recursive formula for then-degree g.C.p.f. is also provided.},
    issn = {2037-5298}, url = {http://www.dmi.unict.it/ojs/index.php/lematematiche/article/view/14}
}


@article{buckles77,
     title = {{Generation of a Vector form the Lexicagraphical Index [G6]}},
     author = {Buckles, B. P. and Lybanon, M.},
     year = {1977},
     journal = {ACM Transactions on Mathematical Software},
     volume = {5},
     number = {2},
     pages = {180-182},
     month = {June},
    }

@article{wadler90unpub,
     title = {{Recursive Types for Free!}},
     author = {Philip Wadler},
     year = {1990},
     note={unpublished manuscript at 
     \url{http://homepages.inf.ed.ac.uk/wadler/papers/free-rectypes/free-rectypes.txt}}
    }



@article{scott76,
     title = {{Data Types as Lattices}},
     author = {Dana Scott},
     journal = {Siam J. Comput.},
     volume = {5},
     number = {3},
     pages = {522-587},
     year = {1976},
    }

@book{hilbert10,
  author={Matiyasevich, Yuri},
  title={Hilbert's Tenth Problem},
  publisher = {MIT Press},
  address = {Cambridge, London},
  year = 1993
}

@book{bourbakiAlgI,
  author={Bourbaki, Nicolas},
  title={Elements of Mathematics, Algebra I},
  publisher = {Springer},
  address = {Berlin Heidelberg New York},
  year = 1989
}

@MastersThesis{Haraburda2011,
author = {Haraburda, David},
title = {Arithmetic Computations and Memory Management Using a Binary Tree Encoding of Natural Numbers},
school = {University of North Texas},
year = {2011},
month = {October}
}

@article{ratsCW,
     title = {{Recounting the Rationals}},
     author = {Calkin, N. and Wilf, H. S.},
     journal = {American Math Monthly,},
     volume = {107},
     pages = {360-363},
     year = {2000},
    }

@inproceedings{Weirich:2011:GTA:1926385.1926411,
 author = {Weirich, Stephanie and Vytiniotis, Dimitrios and Peyton Jones, Simon and Zdancewic, Steve},
 title = {Generative type abstraction and type-level computation},
 booktitle = {Proceedings of the 38th annual ACM SIGPLAN-SIGACT symposium on Principles of programming languages},
 series = {POPL '11},
 year = {2011},
 isbn = {978-1-4503-0490-0},
 location = {Austin, Texas, USA},
 pages = {227--240},
 numpages = {14},
 acmid = {1926411},
 publisher = {ACM},
 address = {New York, NY, USA},
} 

@inproceedings{Wadler:views,
 author = {Wadler, P.},
 title = {Views: a way for pattern matching to cohabit with data abstraction},
 booktitle = {Proceedings of the 14th ACM SIGACT-SIGPLAN symposium on Principles of programming languages},
 series = {POPL '87},
 year = {1987},
 isbn = {0-89791-215-2},
 location = {Munich, West Germany},
 pages = {307--313},
 numpages = {7},
 publisher = {ACM},
 address = {New York, NY, USA},
} 

@article{buchi62,
     title = {{On a decision method in restricted second order arithmetic}},
     author = {B\"uchi, J. R.},
     journal = {International Congress on Logic, Method, and Philosophy of Science},
     volume = {141},
     pages = {1-12},
     year = {1962},
     publisher = {Stanford University Press},
     address = {Stanford, CA}
    }
    
@article{Rabin69Decidability,
     title = {{Decidability of second-order theories and automata on infinite trees}},
     author = {Rabin, Michael. O.},
     journal = {Transactions of the American Mathematical Society},
     volume = {141},
     pages = {1-35},
     year = {1969},
    }

@article{rabin1969,
     title = {{Decidability of second-order theories and automata on infinite trees}},
     author = {Rabin, Michael O.},
     journal = {Transactions of the American Mathematical Society},
     volume = {141},
     pages = {1-35},
     year = {1969},
    }

@incollection {der93ord,
   author = {Dershowitz, Nachum},
   affiliation = {University of Illinois Department of Computer Science 61801 Urbana IL USA 61801 Urbana IL USA},
   title = {Trees, ordinals and termination},
   booktitle = {TAPSOFT'93: Theory and Practice of Software Development},
   series = {Lecture Notes in Computer Science},
   editor = {Gaudel, M. and Jouannaud, J.},
   publisher = {Springer Berlin / Heidelberg},
   isbn = {978-3-540-56610-6},
   keyword = {Computer Science},
   pages = {243-250},
   volume = {668},
   year = {1993}
}

@article{lagarias2002,
     title = {{An Elementary Problem Equivalent to the Riemann Hypothesis}},
     author = {Lagarias, Jeffrey C.},
     journal = {The American Mathematical Monthly},
     volume = {109},
     number = {6},
     pages = {pp. 534-543},
     year = {2002},
    }


@article{conrey2003,
    author = {Conrey, Brian},
    title = {{The Riemann Hypothesis}},
    journal = {Not. Amer. Math. Soc.},
    year = {2003},
    volume = {60},
    pages = {341-353}
}

@article{mdisproof85,
    author = {Odlyzko, A. M and Te Riele, H. J. J.},
    title = {{Disproof of the Mertens conjecture}},
    journal = {J. Reine Angew. Math},
    year = {1985},
    volume = {357},
    pages = {138-160}
}

@book{derb2004,
  author={Derbyshire, J.},
  title={Prime Obsession: Bernhard Riemann and the Greatest 
         Unsolved Problem in Mathematics},
  publisher = {Penguin},
  address = {New York},
  year = 2004
}


@incollection{howard:formulaeastypes:hbc:80,
     author = "W.A. Howard",
     title = {{The Formulae-as-types Notion of Construction}},
     editor = "J.P. Seldin and J.R. Hindley",
     year = 1980,
     booktitle = "To H.B. Curry: 
                  Essays on Combinatory Logic, Lambda Calculus and Formalism",
     pages = "479--490",
     publisher = "Academic Press, London"
     }

@incollection{lawder:2000,
    Author = {Lawder, J. and King, P.},
    Booktitle = {Advances in Databases},
    Editor = {Lings, Brian and Jeffery, Keith},
    Pages = {20-35},
    Publisher = {Springer Berlin / Heidelberg},
    Series = {Lecture Notes in Computer Science},
    Title = {Using Space-Filling Curves for Multi-dimensional Indexing},
    Volume = {1832},
    Year = {2000}}

@article{lawder:2001,
 author = {Lawder, J. K. and King, P. J. H.},
 title = {Querying multi-dimensional data indexed using the Hilbert space-filling curve},
 journal = {SIGMOD Rec.},
 volume = {30},
 issue = {1},
 month = {March},
 year = {2001},
 issn = {0163-5808},
 pages = {19--24},
 numpages = {6},
 publisher = {ACM},
 address = {New York, NY, USA},
} 

@MISC{lawder99,
    author = {Jonathan Lawder},
    title = {The Application of Space-filling Curves to the Storage and Retrieval of Multi-dimensional Data},
    year = {2000},
    note = {PhD Thesis, University of London, UK} 
}

@article{faloutsos:2001,
author = {Bongki Moon and H.v. Jagadish and Christos Faloutsos and Joel H. Saltz},
title = {Analysis of the Clustering Properties of the Hilbert Space-Filling Curve},
journal ={IEEE Transactions on Knowledge and Data Engineering},
volume = {13},
issn = {1041-4347},
year = {2001},
pages = {124-141},
doi = {http://doi.ieeecomputersociety.org/10.1109/69.908985},
publisher = {IEEE Computer Society},
address = {Los Alamitos, CA, USA},
}

@article{fokker92,
	Author = {Fokker, Jeroen},
	Issue = {0},
	Journal = {Formal Aspects of Computing},
	Keyword = {Computer Science},
	Pages = {776-780},
	Publisher = {Springer London},
	Title = {The systematic construction of a one-combinator basis for Lambda-Terms},
        Volume = {4},
	Year = {1992}
}

@article{dowek06,
  title={{G{\"o}del's system T as a precursor of modern type theory}},
  author={Dowek, Gilles},
  year={2006},
  note={manuscript, http://www.lix.polytechnique.fr/~dowek/Philo/godel.pdf}
}

@article{alves2009goedel,
  title={{G{\"o}del's system T revisited}},
  author={Alves, S. and Fern{\'a}ndez, M. and Florido, M. and Mackie, I.},
  journal={Theoretical Computer Science},
  year={2009},
  publisher={Elsevier}
}

@misc{baillie:zeta,
    author = {Robert Baillie},
    title = {{How the Zeros of the Zeta Function Predict the Distribution of Primes}},
    note = {From the {\em Wolfram Demonstrations Project},
    http://demonstrations. wolfram.com/ HowTheZerosOfTheZetaFunctionPredictTheDistributionOfPrimes},
}

@book{mayberry2000,
  author={Mayberry, J.P.},
  title={The Foundations of Mathematics in the Theory of Sets},
  publisher = {Cambridge University Press},
  year = 2000
}

@article{Tait1967,
	volume = {32},
	number = {2},
	author = {W. W. Tait},
	title = {{Intensional Interpretations of Functionals of Finite Type I}},
	journal = {Journal of Symbolic Logic},
	year = {1967},
	pages = {198-212},
}


@article{DBLP:journals/tc/Akers78,
  author    = {Sheldon B. Akers},
  title     = {Binary Decision Diagrams},
  journal   = {IEEE Trans. Computers},
  volume    = {27},
  number    = {6},
  year      = {1978},
  pages     = {509-516},
 
}

@book{knuth_1,
 author = {Knuth, Donald E.},
 title = {The art of computer programming, volume 1 (3rd ed.): fundamental algorithms},
 year = {1997},
 isbn = {0-201-89683-4},
 publisher = {Addison Wesley Longman Publishing Co., Inc.},
 address = {Redwood City, CA, USA},
 }

@book{knuth_basic,
 author = {Knuth, Donald E.},
 title = {The Art of Computer Programming, Volume 4, Fascicle 0: Introduction to Combinatorial Algorithms and Boolean Functions},
 year = {2009},
 isbn = {0321580508, 9780321580504},
 publisher = {Addison-Wesley Professional},
 }


@book{knuth_boolean,
 author = {Knuth, Donald E.},
 title = {The Art of Computer Programming, Volume 4, Fascicle 1: Bitwise Tricks \& Techniques; Binary Decision Diagrams},
 year = {2009},
 isbn = {0321580508, 9780321580504},
 publisher = {Addison-Wesley Professional},
 }

@book{knuth_perm,
 author = {Knuth, Donald E.},
 title = {The Art of Computer Programming, Volume 4, Fascicle 2: Generating All Tuples and Permutations (Art of Computer Programming)},
 year = {2005},
 isbn = {0201853930},
 publisher = {Addison-Wesley Professional},
 }

@book{knuth_comb,
 author = {Knuth, Donald E.},
 title = {The Art of Computer Programming, Volume 4,  Fascicle 3: Generating All Combinations and Partitions},
 year = {2005},
 isbn = {0201853949},
 publisher = {Addison-Wesley Professional},
 }

@book{knuth_trees,
 author = {Knuth, Donald E.},
 title = {The Art of Computer Programming, Volume 4, Fascicle 4: Generating All Trees--History of Combinatorial Generation (Art of Computer Programming)},
 year = {2006},
 isbn = {0321335708},
 publisher = {Addison-Wesley Professional},
 }

@ARTICLE{galois1993,
   author = {{Ern{\'e}}, M. and {Koslowski}, J. and {Melton}, A. and {Strecker}, G.~E.
	},
    title = "{A Primer on Galois Connections}",
  journal = {New York Academy Sciences Annals},
     year = 1993,
    month = dec,
   volume = 704,
    pages = {103-125}
 }


@phdthesis{gentryPhd, 
  author = {Craig Gentry}, 
  title = {A fully homomorphic encryption scheme}, 
  school = {Stanford University}, 
  year = 2009, 
  note = {\url{crypto.stanford.edu/craig}} 
} 

@article{goedel1958bisher,
  title={{{\"U}ber eine bisher noch nicht ben{\"u}tzte Erweiterung des finiten Standpunktes}},
  author={G{\"o}del, K.},
  journal={Dialectica},
  volume={12},
  number={280-287},
  pages={12},
  year={1958}
}

@article{rissanen1976generalized,
  title={{Generalized Kraft inequality and arithmetic coding}},
  author={Rissanen, J.},
  journal={IBM Journal of Research and Development},
  volume={20},
  number={3},
  pages={198--203},
  year={1976}
}

@article{deppe20063,
  title={{On the 3/4-Conjecture for Fix-Free Codes}},
  author={Deppe, C. and Schnettler, H.},
  journal={DMTCS Proceedings},
  number={1},
  year={2006}
}

@conference{savari2009minimum,
  title={{On minimum-redundancy fix-free codes}},
  author={Savari, S.A.},
  booktitle={Proc. of the Data Compression Conference, Snowbird, UT},
  year={2009}
}

@conference{wen1998reversible,
  title={{Reversible variable length codes for efficient and robust image and video coding}},
  author={Wen, J. and Villasenor, J.D.},
  booktitle={Proceedings Data Compression Conference},
  pages={471--480},
  year={1998}
}

@mastersthesis{kraft1949device,
  title={{A device for quantizing, grouping, and coding amplitude-modulated pulses}},
  author={Kraft, L.G.},
  year={1949},
  school={Massachusetts Institute of Technology. Dept. of Electrical Engineering}
}




@article{fan2001catenation,
  title={{CATENATION CLOSED PAIRS AND FOREST LANGUAGES}},
  author={FAN, C.M. and SHYR, H.J.A.N.},
  journal={Words, semigroups \& transductions: Festschrift in honor of Gabriel Thierrin},
  pages={115},
  year={2001},
  publisher={World Scientific Pub Co Inc}
}

@article{bertoni2006context,
  title={{Context-free grammars and XML languages}},
  author={Bertoni, A. and Choffrut, C. and Palano, B.},
  journal={Lecture Notes in Computer Science},
  volume={4036},
  pages={108},
  year={2006},
  publisher={Springer},
   address = {Berlin Heidelberg},
}

@article{berstel2002formal,
  title={{Formal properties of XML grammars and languages}},
  author={Berstel, J. and Boasson, L.},
  journal={Acta Informatica},
  volume={38},
  number={9},
  pages={649--671},
  year={2002},
  publisher={Springer}, 
  address = {Berlin Heidelberg}
}

@article{berstel2002balanced,
  title={{Balanced grammars and their languages}},
  author={Berstel, J. and Boasson, L.},
  journal={Lecture Notes In Computer Science},
  pages={3--25},
  year={2002},
  publisher={Springer},
   address = {Berlin Heidelberg}
}

@article{liebehenschel2000ranking,
  title={{Ranking and unranking of a generalized Dyck language and the application to the generation of random trees}},
  author={Liebehenschel, J.},
  journal={S{\'e}minaire Lotharingien de Combinatoire},
  volume={43},
  pages={19},
  year={2000}
}


@inproceedings{DBLP:conf/flops/KiselyovBFS08,
  author    = {Kiselyov, Oleg and
               Byrd, William E. and
               Friedman, Daniel P. and
               Shan, Chung-chieh},
  title     = {Pure, Declarative, and Constructive Arithmetic Relations
               (Declarative Pearl)},
  booktitle = {FLOPS},
  year      = {2008},
  pages     = {64-80},
}

@article{DBLP:journals/corr/cs-CL-0104010,
  author    = {Oleg Kiselyov},
  title     = {Type Arithmetics: Computation based on the theory of types},
  journal   = {CoRR},
  volume    = {cs.CL/0104010},
  year      = {2001},
  ee        = {http://arxiv.org/abs/cs.CL/0104010},

}

@proceedings{DBLP:conf/flops/2008,
  editor    = {Jacques Garrigue and
               Manuel V. Hermenegildo},
  title     = {Functional and Logic Programming, 9th International Symposium,
               FLOPS 2008, Ise, Japan, April 14-16, 2008. Proceedings},
  booktitle = {FLOPS},
  publisher = {Springer},
   address = {Berlin Heidelberg},
  series    = {Lecture Notes in Computer Science},
  volume    = {4989},
  year      = {2008},
  isbn      = {978-3-540-78968-0},

}

@PHDTHESIS{pigeon,
  author = {Pigeon, Stephen},
  title = {Contributions \`{a} la compression de donn\'{e}es.},
  school = {Universit\'{e} de Montr\'{e}al},
  year = {2001},
  type = {Ph.D. thesis},
  address = {Montr\'{e}al}
}

@article{granville1998abc,
  title={{ABC Allows us to Count Squarefrees}},
  author={Granville, A.},
  journal={International Mathematics Research Notices},
  volume={1998},
  number={19},
  pages={991},
  year={1998}
}

@article{rowland08,
  author    = {Eric S. Rowland},
  title     = {A Natural Prime-Generating Recurrence},
  journal   = {Journal of Integer Sequences},
  volume    = {11},
  number    = {1},
  year      = {2008},
}


@INPROCEEDINGS{Feferman92whatrests,
    author = {Solomon Feferman},
    title = {What Rests On What? The Proof-Theoretic Analysis Of Mathematics},
    booktitle = {Proc. 15 th International Wittgenstein Symposium},
    year = {1992}
}

@MISC{arxiv:lagarias,
  author = {Jeffrey C. Lagarias},
  title = {{The 3x+1 Problem: An Annotated Bibliography (1963–-1999)}},
  note = {http://arXiv.org, 0309224v11},
  year = {2008}
}

@article{coquand:calculus:ic:88,
     author = "T. Coquand and G. Huet",
     title = "The calculus of constructions",
     journal = "Information and Computation",
     volume = 76,
     number = "2/3",
     pages = "95--120",
     year = 1988
     }
     
@book{coquand:metamathematical:lacs:90,
     author = "T. Coquand",
     title = "Metamathematical Investigations of a Calculus of Constructions",
     editor = "P. Odifreddi",
     booktitle = "Logic and Computer Science",
     year = 1990,
     publisher = "Academic Press",
     volume = 31,
     series = "APIC Studies in Data Processing",
     pages = "91--122"
     }
     
@INPROCEEDINGS{Jones97typeclasses,
    author = {Simon Peyton Jones and Mark Jones and Erik Meijer},
    title = {Type Classes: An Exploration of the Design Space},
    booktitle = {Haskell Workshop},
    year = {1997}
}

@misc{petti09,
    author = {Richard Pettigrew},
    title = {{On Interpretations of 
      Bounded Arithmetic and Bounded Set Theory}},
    note = {Notre Dame J. Formal Logic Volume 50, Number 2 (2009), 141-151.},
}

@Manual{Coq:manual,
  title =        {The Coq proof assistant reference manual},
  author =       {\mbox{The Coq development team}},
  note =         {Version 8.8.0},
  year =         {2018},
  url =          "http://coq.inria.fr"
}

@TechReport{Kahl-Schmidt-2000a,
  author      = {Wolfram Kahl and Gunther Schmidt},
  title       = {Exploring (Finite) {Relation Algebras}
                 Using {Tools} Written in {Haskell}},
  institution = {Fakult\"at f\"ur Informatik,
                 Universit\"at der Bundeswehr M\"unchen},
  number      = {2000-02},
  year        = 2000,
  month       = OCT,
  URL         = {http://ist.unibw-muenchen.de/Publications/TR/2000-02/}
}

@misc{cryptoeprint:2006:001,
    author = {Doerte K. Rappe},
    title = {Homomorphic Cryptosystems and their Applications},
    howpublished = {Cryptology ePrint Archive, Report 2006/001},
    year = {2006},
    note = {\url{http://eprint.iacr.org/}},
}

@inproceedings{DBLP:conf/arith/Vuillemin09,
  author    = {Jean Vuillemin},
  title     = {Efficient Data Structure and Algorithms for Sparse Integers,
               Sets and Predicates},
  booktitle = {IEEE Symposium on Computer Arithmetic},
  year      = {2009},
  pages     = {7-14},
  crossref  = {DBLP:conf/arith/2009},
}

@proceedings{DBLP:conf/arith/2009,
  editor    = {Javier D. Bruguera and
               Marius Cornea and
               Debjit Das Sarma and
               John Harrison},
  title     = {19th IEEE Symposium on Computer Arithmetic, ARITH 2009,
               Portland, Oregon, USA, 9-10 June 2009},
  booktitle = {IEEE Symposium on Computer Arithmetic},
  publisher = {IEEE Computer Society},
  year      = {2009},
  isbn      = {978-0-7695-3670-5},
}


@inproceedings{DBLP:conf/birthday/Vuillemin03,
  author    = {Jean Vuillemin},
  title     = {Digital Algebra and Circuits},
  booktitle = {Verification: Theory and Practice},
  year      = {2003},
  pages     = {733-746},
  crossref  = {DBLP:conf/birthday/2003manna},
}

@proceedings{DBLP:conf/birthday/2003manna,
  editor    = {Nachum Dershowitz},
  title     = {Verification: Theory and Practice, Essays Dedicated to Zohar
               Manna on the Occasion of His 64th Birthday},
  booktitle = {Verification: Theory and Practice},
  publisher = {Springer},
   address = {Berlin Heidelberg},
  series    = {Lecture Notes in Computer Science},
  volume    = {2772},
  year      = {2003},
}

@article{DBLP:journals/cacm/Vuillemin80,
  author    = {Jean Vuillemin},
  title     = {A Unifying Look at Data Structures},
  journal   = {Commun. ACM},
  volume    = {23},
  number    = {4},
  year      = {1980},
  pages     = {229-239},
  bibsource = {DBLP, http://dblp.uni-trier.de}
}

@article{DBLP:journals/tc/Vuillemin94,
  author    = {Jean Vuillemin},
  title     = {On Circuits and Numbers},
  journal   = {IEEE Trans. Computers},
  volume    = {43},
  number    = {8},
  year      = {1994},
  pages     = {868-879},
  bibsource = {DBLP, http://dblp.uni-trier.de}
}

@article{DBLP:journals/jcss/Vuillemin74,
  author    = {Jean Vuillemin},
  title     = {Correct and Optimal Implementations of Recursion in a Simple
               Programming Language},
  journal   = {J. Comput. Syst. Sci.},
  volume    = {9},
  number    = {3},
  year      = {1974},
  pages     = {332-354},
  bibsource = {DBLP, http://dblp.uni-trier.de}
}



@inproceedings{DBLP:conf/plsa/Vuillemin94,
  author    = {Jean Vuillemin},
  title     = {On Computing Power},
  booktitle = {Programming Languages and System Architectures},
  year      = {1994},
  pages     = {69-86},
  crossref  = {DBLP:conf/plsa/1994},
  bibsource = {DBLP, http://dblp.uni-trier.de}
}

@proceedings{DBLP:conf/plsa/1994,
  editor    = {J{\"u}rg Gutknecht},
  title     = {Programming Languages and System Architectures, International
               Conference, Zurich, Switzerland, March 2-4, 1994, Proceedings},
  booktitle = {Programming Languages and System Architectures},
  publisher = {Springer},
   address = {Berlin Heidelberg},
  series    = {Lecture Notes in Computer Science},
  volume    = {782},
  year      = {1994},
  isbn      = {3-540-57840-4},
  bibsource = {DBLP, http://dblp.uni-trier.de}
}

@article{DBLP:journals/tvlsi/VuilleminBRSTB96,
  author    = {Jean Vuillemin and
               Patrice Bertin and
               Didier Roncin and
               Mark Shand and
               H. H. Touati and
               Philippe Boucard},
  title     = {Programmable active memories: reconfigurable systems come
               of age},
  journal   = {IEEE Trans. VLSI Syst.},
  volume    = {4},
  number    = {1},
  year      = {1996},
  pages     = {56-69},
  ee        = {http://doi.ieeecomputersociety.org/10.1109/92.486081},
  bibsource = {DBLP, http://dblp.uni-trier.de}
}




@article{A000695,
  author="Sloane, N. J. A.",
  title={{A000695, The On-Line Encyclopedia of Integer Sequences}},
  note={{Published electronically at www.research.att.com/$\sim$njas/sequences}},
  year=2016
}

@article{intseq,
  author="Sloane, N. J. A.",
  title={{The On-Line Encyclopedia of Integer Sequences.}},
  note="~Published electronically at https://oeis.org/",
  year=2018
}

@article{monadologie,
  author="Leibniz, Gottfried Wilhelm",
  title={{La Monadologie}},
  note={English translation by George MacDonald Ross, 1999},
  url={http://www.philosophy.leeds.ac.uk/GMR/hmp/texts/modern/leibniz/monadology/monadology.html}
}

@article{elias75,
 author = {Elias, P},
 title = {Universal codeword sets and representations of the integers},
 journal = {IEEE Transactions on Information Theory},
 volume = {21},
 number = {2},
 year = {1975},
 pages = {194-203},
 publisher = {IEEE Computer Society},
 address = {Washington, DC, USA},
 }
 
@inproceedings{1395902,
 author = {Adjeroh,, Don and Nan,, Fei},
 title = {Suffix Sorting via Shannon-Fano-Elias Codes},
 booktitle = {DCC '08: Proceedings of the Data Compression Conference (dcc 2008)},
 year = {2008},
 isbn = {978-0-7695-3121-2},
 pages = {502},
 doi = {http://dx.doi.org/10.1109/DCC.2008.99},
 publisher = {IEEE Computer Society},
 address = {Washington, DC, USA},
 }

@article{mccarthy60,
 author = {McCarthy, John},
 title = {Recursive functions of symbolic expressions and their computation by machine, Part I},
 journal = {Commun. ACM},
 volume = {3},
 number = {4},
 year = {1960},
 issn = {0001-0782},
 pages = {184--195},
 doi = {http://doi.acm.org/10.1145/367177.367199},
 publisher = {ACM},
 address = {New York, NY, USA},
 }

@article{kirby82,
    author={Kirby, L. and Paris, J.},
    title={{Accessible independence results for Peano arithmetic}},
    journal= {Bull. London. Math. Soc.},
    year= 1982,
    pages={285-293},
    number= 14,
    mrnumber={(MR2034034)}
}

@article{goodstein,
    author={R. Goodstein},
    title={On the restricted ordinal theorem},
    journal= {Journal of Symbolic Logic},
    year= 1944,
    pages={33-41},
    number= 9,
    mrnumber={(MR2034034)}
}

@article{chaitinRiemann,
    author={Chaitin, G.J.},
    title={{Thoughts on the Riemann hypothesis}},
    journal= {Math. Intelligencer},
    volume= 26,
    year= 2004,
    pages={4-7},
    number= 1,
    mrnumber={(MR2034034)}
}


@article{BBC1999,
    author={J. M. Borwein and D. M. Bradley and R. E. Crandall},
    title={{Computational strategies for the {R}iemann zeta function}},
    journal={J. Comput. Appl. Math.},
    volume= 121,
    year= 2000,
    pages={247--296},
    number={1--2},
    mrnumber={2001h:11110},
    note={Numerical analysis in the 20th century, Vol.\ I, Approximation}
}


@article{Young98,
    author={J. Young},
    title={{Large Primes and {Fermat} Factors}},
    abstract={A systematic search for large primes has yielded the largest Fermat factors
        known.},
    journal= {Math. Comp.},
    volume= 67,
    year= 1998,
    pages={1735--1738},
    number= 244 ,
    mrnumber={99a:11010}
}


@article{Keller83,
    author={W. Keller},
    title={{Factors of {Fermat} Numbers and Large Primes of the Form $k\cdot 2^n +1$}},
    journal= {Math. Comp.},
    volume= 41,
    year= 1983,
    pages={661-673},
    mrnumber={85b:11117 }
}


@article{Riesel63,
    author={H. Riesel},
    title={A factor of the {Fermat} number {$F_{19}$}},
    journal= {Math. Comp.},
    volume= 17,
    year= 1963,
    pages= 458 
}

@book{Riesel85,
    author={H. Riesel},
    title={{Prime Numbers and Computer Methods for Factorization}},
    publisher= bb ,
    year= 1985,
    volume= 57,
    address={Boston, MA},
    series={Progress in Mathematics},
    mrnumber={88k:11002 },
    isbn={0-8176-3291-3}
}


@book{CP2005,
    AUTHOR = {R. Crandall and C. Pomerance},
     TITLE = {{Prime Numbers--a Computational Approach}},
   EDITION = {Second},
 PUBLISHER = {Springer},
   ADDRESS = {New York},
      YEAR = {2005},
     PAGES = {xvi+597},
      ISBN = {978-0-387-25282-7; 0-387-25282-7},
   MRCLASS = {11A41 (11A51 11Y05 11Y11 11Y35)},
  MRNUMBER = {MR2156291 (2006a:11005)},
MRREVIEWER = {Robert Juricevic}
}

@article{VTW86,
    author={van de Lune, J. and te Riele, H. J. J. and Winter, D. T.},
    title={{On the zeros of the {Riemann} zeta function in the critical strip, IV}},
    journal= {Math. Comp.},
    volume= 46,
    year= 1986,
    pages={667--681},
    number={174},
    mrnumber={87e:11102}
}

@article{ceg99,
title = {{On arithmetical first-order theories allowing encoding and decoding of lists}},
journal = "Theoretical Computer Science",
volume = "222",
number = "1-2",
pages = "55-75",
year = "1999",
author = "Patrick Cegielski and Denis Richard",
}

 @article{journals/fuin/CegielskiRV07,
title = {{On the Additive Theory of Prime Numbers.}},
author = {Patrick C\'egielski and Denis Richard and Maxim Vsemirnov},
journal = {Fundam. Inform.},
number = {1-3},
pages = {83-96},
volume = {81},
year = {2007},
description = {dblp},
keywords = {dblp }
} 

@inproceedings{conf/stoc/Miller75,
title = {{Riemann's Hypothesis and Tests for Primality}},
author = {Gary L. Miller},
booktitle = {STOC},
pages = {234-239},
publisher = {ACM},
year = {1975},
date = {2006-04-25},
} 


@article{DBLP:journals/tit/Pippenger05,
  author    = {Nicholas Pippenger},
  title     = {{The average amount of information lost in multiplication}},
  journal   = {IEEE Transactions on Information Theory},
  volume    = {51},
  number    = {2},
  year      = {2005},
  pages     = {684-687},
}

@article{DBLP:journals/jct/Gobel80,
  author    = {F. G{\"o}bel},
  title     = {On a 1-1-correspondence between rooted trees and natural
               numbers},
  journal   = {J. Comb. Theory, Ser. B},
  volume    = {29},
  number    = {1},
  year      = {1980},
  pages     = {141-143},
}

@INPROCEEDINGS{Edalat98lazycomputation,
    author = {Abbas Edalat and Peter John},
    title = {{Lazy computation with exact real numbers}},
    booktitle = {Proceedings of the third ACM SIGPLAN International Conference on Functional Programming (ICFP-98), volume 34, 1 of ACM SIGPLAN Notices},
    year = {1998},
    pages = {185--194},
    publisher = {ACM Press}
}

@article{multisetOver,
    author = {D. Singh and A. M. Ibrahim and T. Yohanna and J. N. Singh},
    title = {AN OVERVIEW OF THE APPLICATIONS OF MULTISETS},
    journal = "Novi Sad J. Math",
    volume="52",
    number="2",
    year = {2007},
    pages={73--92}
}

@inproceedings{bucciarelli,
 author = {Antonio Bucciarelli and Antonino Salibra},
 title = {{The Sensible Graph Theories of Lambda Calculus}},
 booktitle = {LICS '04: Proceedings of the 19th Annual IEEE Symposium on Logic in Computer Science},
 year = {2004},
 isbn = {0-7695-2192-4},
 pages = {276--285},
 doi = {http://dx.doi.org/10.1109/LICS.2004.44},
 publisher = {IEEE Computer Society},
 address = {Washington, DC, USA},
 }

@article{berline,
 author = {Chantal Berline},
 title = {Graph models of $\lambda$-calculus at work, and variations},
 journal = {Mathematical. Structures in Comp. Sci.},
 volume = {16},
 number = {2},
 year = {2006},
 issn = {0960-1295},
 pages = {185--221},
 doi = {http://dx.doi.org/10.1017/S0960129506005123},
 publisher = {Cambridge University Press},
 address = {New York, NY, USA},
 }


@book{matcat,
 author = {Mac Lane, Saunders},
 title = {Categories for the Working Mathematician},
 year = {1998},
 publisher = {Springer-Verlag},
 address = {New York, NY, USA},
 }
 
@INPROCEEDINGS{Baez97anintroduction,
    author = {John C. Baez},
    title = {An introduction to n-categories},
    booktitle = {In 7th Conference on Category Theory and Computer Science},
    year = {1997},
    pages = {1--33},
    publisher = {Springer-Verlag}
}

@article {algDNA,
	author = "Zhuo Li",
	title = "Algebraic properties of DNA operations",
	journal = "Biosystems",
	volume = "52",
	month = "October",
	year = "1999",
	pages = "55-61(7)"
}

@INPROCEEDINGS{haskellDNA,
    author = {Thomas Hinze and Monika Sturm},
    title = {A universal functional approach to DNA computing and its experimental practicability},
    booktitle = {Proceedings 6th DIMACS Workshop on DNA Based Computers, held at the University of Leiden, Leiden, The Netherlands, 13 - 17},
    year = {2000},
    pages = {257--266}
}

@ARTICLE{Cook93functionalinterpretations,
    author = {Stephen Cook and Alasdair Urquhart},
    title = {Functional interpretations of feasibly constructive arithmetic},
    journal = {Annals of Pure and Applied Logic},
    year = {1993},
    volume = {63},
    pages = {103--200}
}

@INPROCEEDINGS{Cook04theoriesfor,
    author = {Stephen Cook},
    title = {Theories for complexity classes and their propositional translations.},
    booktitle = {Complexity of computations and proofs},
    year = {2004},
    pages = {1--36}
}

@book{lakoff,
 author = {Lakoff, George and  Johnson, Mark},
 title = {Metaphors We Live By},
 year = {1980},
 publisher = {University of Chicago Press},
 address = {Chicago, IL, USA},
 }
 
@book{vitanyi,
 author = {Ming Li and Paul Vit\'{a}nyi},
 title = {An introduction to Kolmogorov complexity and its applications},
 year = {1993},
 isbn = {0-387-94053-7},
 publisher = {Springer-Verlag New York, Inc.},
 address = {New York, NY, USA},
 }

@article{chaitin1992information,
  title={{Information-theoretic incompleteness}},
  author={Chaitin, GJ},
  journal={Applied Mathematics and Computation},
  volume={52},
  number={1},
  pages={83--101},
  year={1992},
  publisher={Elsevier}
}

@ARTICLE{Chaitin75atheory,
    author = {Gregory J. Chaitin},
    title = {A theory of program size formally identical to information theory},
    journal = {J. Assoc. Comput. Mach},
    year = {1975},
    volume = {22},
    pages = {329--340}
}

@INPROCEEDINGS{Calude94algorithmicallycoding,
    author = {Cristian Calude and Arto Salomaa},
    title = {Algorithmically coding the universe},
    booktitle = {Developments in Language Theory, World Scientific},
    year = {1994},
    pages = {472--492}
}

@ARTICLE{Chaitin66onthe,
    author = {Gregory J. Chaitin},
    title = {On the length of programs for computing finite binary sequences},
    journal = {Journal of the ACM},
    year = {1966},
    volume = {13},
    pages = {547--569}
}

@INPROCEEDINGS{Li03thesimilarity,
    author = {Ming Li and Xin Chen and Xin Li and Bin Ma and Paul M. B. Vit·nyi},
    title = {The similarity metric},
    booktitle = {IEEE Transactions on Information Theory},
    year = {2003},
    pages = {863--872}
}

@INPROCEEDINGS{Lutz97thequantitative,
    author = {Jack H. Lutz},
    title = {The quantitative structure of exponential time},
    booktitle = {Complexity theory retrospective II},
    year = {1997},
    pages = {158--175},
    publisher = {Springer-Verlag}
}

@ARTICLE{Ruskey90generatingbinary,
    author = {Frank Ruskey and Andrzej Proskurowski},
    title = {Generating binary trees by transpositions},
    journal = {J. Algorithms},
    year = {1990},
    volume = {11},
    pages = {68--84}
}

@ARTICLE{Myrvold01rankingand,
    author = {Wendy Myrvold and Frank Ruskey},
    title = {Ranking and unranking permutations in linear time},
    journal = {Information Processing Letters},
    year = {2001},
    volume = {79},
    pages = {281--284}
}

@article{DBLP:journals/cacm/HarrisMJH08,
  author    = {Tim Harris and
               Simon Marlow and
               Simon L. Peyton Jones and
               Maurice Herlihy},
  title     = {Composable memory transactions},
  journal   = {Commun. ACM},
  volume    = {51},
  number    = {8},
  year      = {2008},
  pages     = {91-100},
  ee        = {http://doi.acm.org/10.1145/1378704.1378725},
  bibsource = {DBLP, http://dblp.uni-trier.de}
}



@article{DBLP:journals/ml/RaedtKKRT08,
  author    = {Luc De Raedt and
               Kristian Kersting and
               Angelika Kimmig and
               Kate Revoredo and
               Hannu Toivonen},
  title     = {Compressing probabilistic Prolog programs},
  journal   = {Machine Learning},
  volume    = {70},
  number    = {2-3},
  year      = {2008},
  pages     = {151-168},
  ee        = {http://dx.doi.org/10.1007/s10994-007-5030-x},
  bibsource = {DBLP, http://dblp.uni-trier.de}
}

@article{DBLP:journals/dmtcs/MantaciR01,
  author    = {Roberto Mantaci and
               Fanja Rakotondrajao},
  title     = {A permutations representation that knows what "Eulerian"
               means},
  journal   = {Discrete Mathematics {\&} Theoretical Computer Science},
  volume    = {4},
  number    = {2},
  year      = {2001},
  pages     = {101-108},
  ee        = {http://dmtcs.loria.fr/volumes/abstracts/dm040203.abs.html},
  bibsource = {DBLP, http://dblp.uni-trier.de}
}

@book{knuth_art_1997-1,
	title = {The art of computer programming, volume 2 (3rd ed.): seminumerical algorithms},
	address = {Boston, MA, USA},
	author = {Donald E. Knuth},
	publisher = {Addison-Wesley Longman Publishing Co., Inc.},
	year = {1997},
	isbn = {0201896842},
	keywords = {algorithms }
}

@Article{Kozen:1980:ISC,
  author =       "D. Kozen",
  title =        "Indexings of subrecursive classes",
  journal =      j-THEOR-COMP-SCI,
  volume =       "11",
  number =       "3",
  pages =        "277--301",
  month =        jul,
  year =         "1980",
}

 @inproceedings{conf/dolap/StabnoW07,
title = {RLH: bitmap compression technique based on run-length and huffman encoding.},
author = {Michal Stabno and Robert Wrembel},
booktitle = {DOLAP},
crossref = {conf/dolap/2007},
editor = {Il-Yeol Song and Torben Bach Pedersen},
pages = {41-48},
publisher = {ACM},
url = {http://dblp.uni-trier.de/db/conf/dolap/dolap2007.html#StabnoW07},
year = {2007},
} 

 @inproceedings{conf/cpm/MakinenN05,
title = {Succinct Suffix Arrays Based on Run-Length Encoding.},
author = {Veli M‰kinen and Gonzalo Navarro},
booktitle = {CPM},
crossref = {conf/cpm/2005},
editor = {Alberto Apostolico and Maxime Crochemore and Kunsoo Park},
pages = {45-56},
publisher = {Springer},
 address = {Berlin Heidelberg},
series = {Lecture Notes in Computer Science},
url = {http://dblp.uni-trier.de/db/conf/cpm/cpm2005.html#MakinenN05},
volume = {3537},
year = {2005},
description = {dblp},
ee = {http://dx.doi.org/10.1007/11496656_5}, isbn = {3-540-26201-6}, date = {2005-05-18},
keywords = {dblp }
} 

@inproceedings{conf/mfcs/MartinezM03,
title = {Generic Algorithms for the Generation of Combinatorial Objects.},
author = {Conrado Martinez and Xavier Molinero},
booktitle = {MFCS},
editor = {Branislav Rovan and Peter Vojtas},
pages = {572-581},
publisher = {Springer},
series = {Lecture Notes in Computer Science},
 address = {Berlin Heidelberg},
volume = {2747},
year = {2003},
description = {dblp},
keywords = {dblp }
} 

@ARTICLE{rationals,
  author = {Jeremy Gibbons and David Lester and Richard Bird},
  title = {Enumerating the Rationals},
  journal = {Journal of Functional Programming},
  volume = {16},
  number = {4},
  year = {2006},
  url = {http://www.comlab.ox.ac.uk/oucl/work/jeremy.gibbons/publications/rationals.pdf},
  abstract = {We present a series of programs for enumerating the rational numbers without duplication, drawing on some elegant results of Neil Calkin, Herbert Wilf and Moshe Newman.}
}

@INPROCEEDINGS{DBLP:conf/cav/DovierPP01,
  author = {Agostino Dovier and Carla Piazza and Alberto Policriti},
  title = {{A Fast Bisimulation Algorithm}},
  booktitle = {CAV},
  year = {2001},
  pages = {79-90},
  bibsource = {DBLP, http://dblp.uni-trier.de},
  crossref = {DBLP:conf/cav/2001},
  ee = {http://link.springer.de/link/service/series/0558/bibs/2102/21020079.htm}
}

@INPROCEEDINGS{DBLP:conf/foiks/LeontjevS00,
  author = {Alexander Leontjev and Vladimir Yu. Sazonov},
  title = {{Capturing LOGSPACE over Hereditarily-Finite Sets}},
  booktitle = {FoIKS},
  year = {2000},
  pages = {156-175},
  bibsource = {DBLP, http://dblp.uni-trier.de},
  crossref = {DBLP:conf/foiks/2000},
  ee = {http://link.springer.de/link/service/series/0558/bibs/1762/17620156.htm}
}

@INPROCEEDINGS{DBLP:conf/tphol/NipkowP05,
  author = {Tobias Nipkow and Lawrence C. Paulson},
  title = {{Proof Pearl: Defining Functions over Finite Sets}},
  booktitle = {TPHOLs},
  year = {2005},
  pages = {385-396},
  bibsource = {DBLP, http://dblp.uni-trier.de},
  crossref = {DBLP:conf/tphol/2005},
  ee = {http://dx.doi.org/10.1007/11541868_25}
}

@INPROCEEDINGS{DBLP:conf/icalp/PaigeT84,
  author = {Robert Paige and Robert Endre Tarjan},
  title = {A Linear Time Algorithm to Solve the Single Function Coarsest Partition
	Problem},
  booktitle = {ICALP},
  year = {1984},
  pages = {371-379},
  bibsource = {DBLP, http://dblp.uni-trier.de},
  crossref = {DBLP:conf/icalp/1984}
}

@INPROCEEDINGS{DBLP:conf/types/Paulson94,
  author = {Lawrence C. Paulson},
  title = {{A Concrete Final Coalgebra Theorem for ZF Set Theory}},
  booktitle = {TYPES},
  year = {1994},
  pages = {120-139},
  bibsource = {DBLP, http://dblp.uni-trier.de},
  crossref = {DBLP:conf/types/1994}
}

@INPROCEEDINGS{DBLP:conf/icalp/Roever77,
  author = {Willem P. de Roever},
  title = {On Backtracking and Greatest Fixpoints},
  booktitle = {ICALP},
  year = {1977},
  pages = {412-429},
  bibsource = {DBLP, http://dblp.uni-trier.de},
  crossref = {DBLP:conf/icalp/1977}
}

@INPROCEEDINGS{DBLP:conf/ipps/Rosenberg02aOLD,
  author = {Arnold L. Rosenberg},
  title = {Efficient Pairing Functions - And Why You Should Care},
  booktitle = {IPDPS},
  year = {2002},
  bibsource = {DBLP, http://dblp.uni-trier.de},
  crossref = {DBLP:conf/ipps/2002},
  ee = {http://computer.org/proceedings/ipdps/1573/workshops/15730144abs.htm}
}

@ARTICLE{DBLP:conf/ipps/Rosenberg02a,
  author = {Arnold L. Rosenberg},
  title = {Efficient Pairing Functions - And Why You Should Care},
  journal = {International Journal of Foundations of Computer Science},
  year = {2003},
  volume = {14},
  pages = {3-17},
  number = {1}
}

@ARTICLE{abian78,
  author = {Alexander Abian and Samuel Lamacchia},
  title = {On the Consistency and Independence of some Set-Theoretical Constructs
	},
  journal = {Notre Dame Journal of Formal Logic},
  year = {1978},
  volume = {X1X},
  pages = {155-158},
  number = {1}
}

@ARTICLE{DBLP:journals/jsyml/AbianL65,
  author = {Alexander Abian and Samuel Lamacchia},
  title = {Some Consequences of the Axiom of Power-Set},
  journal = {J. Symb. Log.},
  year = {1965},
  volume = {30},
  pages = {293-294},
  number = {3},
  bibsource = {DBLP, http://dblp.uni-trier.de}
}

@ARTICLE{ackencoding,
  author = {Ackermann, Wilhelm Friedrich},
  title = {{Die Widerspruchsfreiheit der allgemeinen Mengenlhere}},
  journal = {Mathematische Annalen},
  year = {1937},
  pages = {305-315},
  number = {114}
}

@BOOK{aczel88,
  title = {Non-wellfounded sets},
  publisher = {Center for the Study of Language and Information (CSLI)},
  year = {1988},
  author = {Peter Aczel},
  number = {14},
  series = {CSLI Lecture Notes},
  file = {aczel-p-1988--a.pdf:a\\aczel\\aczel-p-1988--a.pdf:PDF}
}

@INPROCEEDINGS{agrawal93mining,
  author = {Rakesh Agrawal and Tomasz Imielinski and Arun N. Swami},
  title = {Mining Association Rules between Sets of Items in Large Databases},
  booktitle = {Proceedings of the 1993 {ACM} {SIGMOD} International Conference on
	Management of Data},
  year = {1993},
  editor = {Peter Buneman and Sushil Jajodia},
  pages = {207--216},
  address = {Washington, D.C.},
  month = {26--28},
  url = {citeseer.ist.psu.edu/agrawal93mining.html}
}

@INPROCEEDINGS{avigad97,
  author = {Avigad, Jeremy},
  title = {{The Combinatorics of Propositional Provability}},
  booktitle = {ASL Winter Meeting},
  year = {1997},
  address = {San Diego},
  month = jan
}

@BOOK{barwise96,
  title = {Vicious Circles},
  publisher = {Center for the Study of Language and Information (CSLI)},
  year = {1996},
  author = {Barwise, Jon and Moss, Lawrence},
  number = {60},
  series = {CSLI Lecture Notes}
}

@ARTICLE{195503,
  author = {Benes, Vaclav Edvard},
  title = {On the Consistency of an Axiom of Enumerability},
  journal = {The Journal of Symbolic Logic},
  year = {1955},
  volume = {20},
  pages = {29--30},
  number = {1},
  month = {mar},
  copyright = {Copyright 1955 Association for Symbolic Logic},
  issn = {0022-4812},
  jstor_articletype = {Full Length Article},
  jstor_date = {195503},
  jstor_formatteddate = {Mar., 1955},
  publisher = {Association for Symbolic Logic},
  howpublished = {http://links.jstor.org/sici?sici=0022-4812%28195503%2920%3A1%3C29%3AOTCOAA%3E2.0.CO%3B2-R}
}

@ARTICLE{197709,
  author = {Blass, Andreas},
  title = {Amalgamation of Nonstandard Models of Arithmetic},
  journal = {The Journal of Symbolic Logic},
  year = {1977},
  volume = {42},
  pages = {372--386},
  number = {3},
  month = {sep},
  abstract = {Any two models of arithmetic can be jointly embedded in a third with
	any prescribed isomorphic submodels as intersection and any prescribed
	relative ordering of the skies above the intersection. Corollaries
	include some known and some new theorems about ultrafilters on the
	natural numbers, for example that every ultrafilter with the "4 to
	3" weak Ramsey partition property is a $P$-point. We also give examples
	showing that ultrafilters with the "5 to 4" partition property need
	not be $P$-points and that the main theorem cannot be improved to
	allow a prescribed ordering of lower skies.},
  copyright = {Copyright 1977 Association for Symbolic Logic},
  issn = {0022-4812},
  jstor_articletype = {Full Length Article},
  jstor_date = {197709},
  jstor_formatteddate = {Sep., 1977},
  language = {eng },
  publisher = {Association for Symbolic Logic},
  howpublished = {http://links.jstor.org/sici?sici=0022-4812%28197709%2942%3A3%3C372%3AAONMOA%3E2.0.CO%3B2-F}
}

@ARTICLE{DBLP:journals/jsyml/Booth90,
  author = {David Booth},
  title = {{Hereditarily Finite Finsler Sets}},
  journal = {J. Symb. Log.},
  year = {1990},
  volume = {55},
  pages = {700-706},
  number = {2},
  bibsource = {DBLP, http://dblp.uni-trier.de}
}

@ARTICLE{DBLP:journals/tcs/CegielskiR01,
  author = {Patrick C{\'e}gielski and Denis Richard},
  title = {{Decidability of the Theory of the Natural Integers with the Cantor
	Pairing Function and the Successor}},
  journal = {Theor. Comput. Sci.},
  year = {2001},
  volume = {257},
  pages = {51-77},
  number = {1-2},
  bibsource = {DBLP, http://dblp.uni-trier.de},
  ee = {http://dx.doi.org/10.1016/S0304-3975(00)00109-2}
}

@MISC{dovier-fast,
  author = {Agostino Dovier and Carla Piazza and Alberto Policriti},
  title = {Fast (Hyper) Set Equivalence},
  note = {citeseer.ist.psu.edu/294998.html}
}

@INPROCEEDINGS{dovier00comparing,
  author = {Agostino Dovier and Carla Piazza and Alberto Policriti},
  title = {{Comparing Expressiveness of Set Constructor Symbols}},
  booktitle = {Frontiers of Combining Systems},
  year = {2000},
  pages = {275-289},
  howpublished = {citeseer.ist.psu.edu/dovier00comparing.html}
}

@INPROCEEDINGS{russelcrit,
  author = {Kurt Goedel},
  title = {Russel's mathematical logic},
  booktitle = {Bertrand Russell: Critical Assessments},
  year = {1999},
  editor = {A.D. Irvine},
  address = {London},
  publisher = {Routledge}
}

@article{Goedel:31,
	title = {\"{U}ber formal unentscheidbare {S\"{a}tze der Principia Mathematica und verwandter Systeme I}},
	author = {K. G\"{o}del},
	journal = {Monatshefte f\"{u}r Mathematik und Physik},
	pages = {173--198},
	volume = {38},
	year = {1931},
	biburl = {http://www.bibsonomy.org/bibtex/21cd155bf606db23638ce89c29e2f2879/idsia},
	priority = {2}, citeulike-article-id = {2380900},
	keywords = {juergen }
}

@inproceedings{conf/icalp/HartmanisB74,
title = {{On Simple Goedel Numberings and Translations}},
author = {Juris Hartmanis and Theodore P. Baker},
booktitle = {ICALP},
editor = {Jacques Loeckx},
pages = {301-316},
publisher = {Springer},
series = {Lecture Notes in Computer Science},
 address = {Berlin Heidelberg},
volume = {14},
year = {1974},
isbn = {3-540-06841-4}, date = {2002-02-01},
} 

@ARTICLE{kalmar1,
  author = {Kalmar, Laszlo},
  title = {{On the Reduction of the Decision Problem. First Paper. Ackermann
	Prefix, A Single Binary Predicate}},
  journal = {The Journal of Symbolic Logic},
  year = {1939},
  volume = {4},
  pages = {1--9},
  number = {1},
  month = {mar},
  copyright = {Copyright 1939 Association for Symbolic Logic},
  issn = {0022-4812},
  jstor_articletype = {Full Length Article},
  jstor_date = {193903},
  jstor_formatteddate = {Mar., 1939},
  language = {eng},
  publisher = {Association for Symbolic Logic},
}

@ARTICLE{kalmar2,
  author = {{Kalmar, Laszlo} and {Suranyi, Janos}},
  title = {{On the Reduction of the Decision Problem}},
  journal = {The Journal of Symbolic Logic},
  year = {1947},
  volume = {12},
  pages = {65--73},
  number = {3},
  month = {sep},
  copyright = {Copyright 1947 Association for Symbolic Logic},
  issn = {0022-4812},
  jstor_articletype = {Full Length Article},
  jstor_date = {194709},
  jstor_formatteddate = {Sep., 1947},
  publisher = {Association for Symbolic Logic},
}

@ARTICLE{kalmar3,
  author = {{Kalmar, Laszlo} and {Suranyi, Janos}},
  title = {{On the Reduction of the Decision Problem: Third Paper. Pepis Prefix,
	a Single Binary Predicate}},
  journal = {The Journal of Symbolic Logic},
  year = {1950},
  volume = {15},
  pages = {161--173},
  number = {3},
  month = {sep},
  copyright = {Copyright 1950 Association for Symbolic Logic},
  issn = {0022-4812},
  jstor_articletype = {Full Length Article},
  jstor_date = {195009},
  jstor_formatteddate = {Sep., 1950},
  publisher = {Association for Symbolic Logic},
}

@ARTICLE{DBLP:journals/ipl/Kaye76,
  author = {R. Kaye},
  title = {A Gray Code for Set Partitions},
  journal = {Inf. Process. Lett.},
  year = {1976},
  volume = {5},
  pages = {171-173},
  number = {6},
  bibsource = {DBLP, http://dblp.uni-trier.de}
}

@ARTICLE{kaye07,
  author = {Kaye, Richard and Wong, Tin Lock},
  title = {{On Interpretations of Arithmetic and Set Theory}},
  journal = {Notre Dame J. Formal Logic Volume},
  year = {2007},
  volume = {48},
  pages = {497--510},
  number = {4}
}

@ARTICLE{DBLP:journals/mlq/Kirby07,
  author = {Laurence Kirby},
  title = {{Addition and multiplication of sets}},
  journal = {Math. Log. Q.},
  year = {2007},
  volume = {53},
  pages = {52-65},
  number = {1},
  bibsource = {DBLP, http://dblp.uni-trier.de},
  ee = {http://dx.doi.org/10.1002/malq.200610026}
}

@ARTICLE{196509,
  author = {{Kreisel, G.} and {Sacks, Gerald E.}},
  title = {Metarecursive Sets},
  journal = {The Journal of Symbolic Logic},
  year = {1965},
  volume = {30},
  pages = {318--338},
  number = {3},
  month = {sep},
  copyright = {Copyright 1965 Association for Symbolic Logic},
  issn = {0022-4812},
  jstor_articletype = {Full Length Article},
  jstor_date = {196509},
  jstor_formatteddate = {Sep., 1965},
  language = {eng},
  publisher = {Association for Symbolic Logic},
}

@ARTICLE{DBLP:journals/jct/MeirMM83,
  author = {Amram Meir and John W. Moon and Jan Mycielski},
  title = {{Hereditarily Finite Sets and Identity Trees}},
  journal = {J. Comb. Theory, Ser. B},
  year = {1983},
  volume = {35},
  pages = {142-155},
  number = {2},
  bibsource = {DBLP, http://dblp.uni-trier.de},
  ee = {http://dx.doi.org/10.1016/0095-8956(83)90068-0}
}

@ARTICLE{pepis,
  author = {Pepis, Jozef},
  title = {Ein Verfahren der Mathematischen Logik},
  journal = {The Journal of Symbolic Logic},
  year = {1938},
  volume = {3},
  pages = {61--76},
  number = {2},
  month = {jun},
  copyright = {Copyright 1938 Association for Symbolic Logic},
  issn = {0022-4812},
  jstor_articletype = {Full Length Article},
  jstor_date = {193806},
  jstor_formatteddate = {Jun., 1938},
  language = {ger},
  publisher = {Association for Symbolic Logic},
}

@ARTICLE{DBLP:journals/jfp/Jones03,
  author = {Peyton Jones, Simon L.},
  title = {Haskell 98: Introduction},
  journal = {J. Funct. Program.},
  year = {2003},
  volume = {13},
  pages = {0-6},
  number = {1},
  bibsource = {DBLP, http://dblp.uni-trier.de},
  ee = {http://dx.doi.org/10.1017/S0956796803000315}
}

@ARTICLE{DBLP:journals/jfp/Jones03g,
  author = {Peyton Jones, Simon L.},
  title = {Haskell 98: Standard Prelude},
  journal = {J. Funct. Program.},
  year = {2003},
  volume = {13},
  pages = {103-124},
  number = {1},
  bibsource = {DBLP, http://dblp.uni-trier.de},
  ee = {http://dx.doi.org/10.1017/S0956796803001011}
}

@ARTICLE{DBLP:journals/tplp/PiazzaP04,
  author = {Carla Piazza and Alberto Policriti},
  title = {{Ackermann Encoding, Bisimulations, and OBDDs}},
  journal = {TPLP},
  year = {2004},
  volume = {4},
  pages = {695-718},
  number = {5-6},
  bibsource = {DBLP, http://dblp.uni-trier.de}
}

@BOOK{PIERCE91,
  title = {Basic Category Theory for Computer Scientists},
  publisher = {MIT Press},
  year = {1991},
  author = {Benjamin C. Pierce},
  bcp = {Yes},
  europeinfo = {14 Bloomsbury Square London WC1A 2LP U.K. Facsimile: 071-404-0601},
  fullisbn = {0-262-66071-7},
  keys = {books},
  orderinginfo = {MIT PRESS 55 Hayward ST. Cambridge Mass 02142 USA 800-356-0343},
  plclub = {Yes}
}

@ARTICLE{robinson69a,
  author = {Robinson, Julia},
  title = {Finitely Generated Classes of Sets of Natural Numbers},
  journal = {Proceedings of the American Mathematical Society},
  year = {1969},
  volume = {21},
  pages = {608--614},
  number = {3},
  month = {jun},
  copyright = {Copyright 1969 American Mathematical Society},
  issn = {0002-9939},
  jstor_articletype = {Full Length Article},
  jstor_date = {196906},
  jstor_formatteddate = {Jun., 1969},
  publisher = {American Mathematical Society},
  howpublished = {http://links.jstor.org/sici?sici=0002-9939%28196906%2921%3A3%3C608%3AFGCOSO%3E2.0.CO%3B2-Q}
}

@ARTICLE{robinson69b,
  author = {Robinson, Julia},
  title = {Unsolvable Diophantine Problems},
  journal = {Proceedings of the American Mathematical Society},
  year = {1969},
  volume = {22},
  pages = {534--538},
  number = {2},
  month = {aug},
  copyright = {Copyright 1969 American Mathematical Society},
  issn = {0002-9939},
  jstor_articletype = {Full Length Article},
  jstor_date = {196908},
  jstor_formatteddate = {Aug., 1969},
  publisher = {American Mathematical Society},
  howpublished = {http://links.jstor.org/sici?sici=0002-9939%28196908%2922%3A2%3C534%3AUDP%3E2.0.CO%3B2-L}
}

@ARTICLE{robinson68a,
  author = {Robinson, Julia},
  title = {Recursive Functions of One Variable},
  journal = {Proceedings of the American Mathematical Society},
  year = {1968},
  volume = {19},
  pages = {815--820},
  number = {4},
  month = {aug},
  copyright = {Copyright 1968 American Mathematical Society},
  issn = {0002-9939},
  jstor_articletype = {Full Length Article},
  jstor_date = {196808},
  jstor_formatteddate = {Aug., 1968},
  publisher = {American Mathematical Society},
  howpublished = {http://links.jstor.org/sici?sici=0002-9939%28196808%2919%3A4%3C815%3ARFOOV%3E2.0.CO%3B2-R}
}

@ARTICLE{robinsons68b,
  author = {Robinson, Julia},
  title = {Finite Generation of Recursively Enumerable Sets},
  journal = {Proceedings of the American Mathematical Society},
  year = {1968},
  volume = {19},
  pages = {1480--1486},
  number = {6},
  month = {dec},
  copyright = {Copyright 1968 American Mathematical Society},
  issn = {0002-9939},
  jstor_articletype = {Full Length Article},
  jstor_date = {196812},
  jstor_formatteddate = {Dec., 1968},
  publisher = {American Mathematical Society},
  howpublished = {http://links.jstor.org/sici?sici=0002-9939%28196812%2919%3A6%3C1480%3AFGORES%3E2.0.CO%3B2-H}
}

@ARTICLE{robinson67,
  author = {Robinson, Julia},
  title = {An Introduction to Hyperarithmetical Functions},
  journal = {The Journal of Symbolic Logic},
  year = {1967},
  volume = {32},
  pages = {325--342},
  number = {3},
  month = {sep},
  copyright = {Copyright 1967 Association for Symbolic Logic},
  issn = {0022-4812},
  jstor_articletype = {Full Length Article},
  jstor_date = {196709},
  jstor_formatteddate = {Sep., 1967},
  language = {eng},
  publisher = {Association for Symbolic Logic},
  howpublished = {http://links.jstor.org/sici?sici=0022-4812%28196709%2932%3A3%3C325%3AAITHF%3E2.0.CO%3B2-S}
}

@ARTICLE{robinson59,
  author = {Robinson, Julia},
  title = {The Undecidability of Algebraic Rings and Fields},
  journal = {Proceedings of the American Mathematical Society},
  year = {1959},
  volume = {10},
  pages = {950-954+9559+56+957},
  number = {6},
  month = {dec},
  copyright = {Copyright 1959 American Mathematical Society},
  issn = {0002-9939},
  jstor_articletype = {Full Length Article},
  jstor_date = {195912},
  jstor_formatteddate = {Dec., 1959},
  publisher = {American Mathematical Society},
  howpublished = {http://links.jstor.org/sici?sici=0002-9939%28195912%2910%3A6%3C950%3ATUOARA%3E2.0.CO%3B2-9}
}

@ARTICLE{robinson55,
  author = {Robinson, Julia},
  title = {A Note on Primitive Recursive Functions},
  journal = {Proceedings of the American Mathematical Society},
  year = {1955},
  volume = {6},
  pages = {667--670},
  number = {4},
  month = {aug},
  copyright = {Copyright 1955 American Mathematical Society},
  issn = {0002-9939},
  jstor_articletype = {Full Length Article},
  jstor_date = {195508},
  jstor_formatteddate = {Aug., 1955},
  publisher = {American Mathematical Society},
  howpublished = {http://links.jstor.org/sici?sici=0002-9939%28195508%296%3A4%3C667%3AANOPRF%3E2.0.CO%3B2-2}
}

@ARTICLE{robinson52,
  author = {Robinson, Julia},
  title = {Existential Definability in Arithmetic},
  journal = {Transactions of the American Mathematical Society},
  year = {1952},
  volume = {72},
  pages = {437--449},
  number = {3},
  month = {may},
  copyright = {Copyright 1952 American Mathematical Society},
  issn = {0002-9947},
  jstor_articletype = {Full Length Article},
  jstor_date = {195205},
  jstor_formatteddate = {May, 1952},
  publisher = {American Mathematical Society},
  howpublished = {http://links.jstor.org/sici?sici=0002-9947%28195205%2972%3A3%3C437%3AEDIA%3E2.0.CO%3B2-Q}
}

@ARTICLE{robinson51,
  author = {Robinson, Julia},
  title = {An Iterative Method of Solving a Game},
  journal = {The Annals of Mathematics},
  year = {1951},
  volume = {54},
  pages = {296--301},
  number = {2},
  month = {sep},
  copyright = {Copyright 1951 Annals of Mathematics},
  issn = {0003-486X},
  jstor_articletype = {Full Length Article},
  jstor_date = {195109},
  jstor_formatteddate = {Sep., 1951},
  language = {EN},
  publisher = {Annals of Mathematics},
  series = {2},
  howpublished = {http://links.jstor.org/sici?sici=0003-486X%28195109%292%3A54%3A2%3C296%3AAIMOSA%3E2.0.CO%3B2-G}
}

@ARTICLE{robinson50,
  author = {Robinson, Julia},
  title = {General Recursive Functions},
  journal = {Proceedings of the American Mathematical Society},
  year = {1950},
  volume = {1},
  pages = {703--718},
  number = {6},
  month = {dec},
  copyright = {Copyright 1950 American Mathematical Society},
  issn = {0002-9939},
  jstor_articletype = {Full Length Article},
  jstor_date = {195012},
  jstor_formatteddate = {Dec., 1950},
  publisher = {American Mathematical Society},
  howpublished = {http://links.jstor.org/sici?sici=0002-9939%28195012%291%3A6%3C703%3AGRF%3E2.0.CO%3B2-B}
}

@ARTICLE{robinson49,
  author = {Robinson, Julia},
  title = {Definability and Decision Problems in Arithmetic},
  journal = {The Journal of Symbolic Logic},
  year = {1949},
  volume = {14},
  pages = {98--114},
  number = {2},
  month = {jun},
  copyright = {Copyright 1949 Association for Symbolic Logic},
  issn = {0022-4812},
  jstor_articletype = {Full Length Article},
  jstor_date = {194906},
  jstor_formatteddate = {Jun., 1949},
  publisher = {Association for Symbolic Logic},
  howpublished = {http://links.jstor.org/sici?sici=0022-4812%28194906%2914%3A2%3C98%3ADADPIA%3E2.0.CO%3B2-8}
}

@ARTICLE{rmrobinson58,
  author = {Robinson, Raphael M.},
  title = {Restricted Set-Theoretical Definitions in Arithmetic},
  journal = {Proceedings of the American Mathematical Society},
  year = {1958},
  volume = {9},
  pages = {238--242},
  number = {2},
  month = {apr},
  copyright = {Copyright 1958 American Mathematical Society},
  issn = {0002-9939},
  jstor_articletype = {Full Length Article},
  jstor_date = {195804},
  jstor_formatteddate = {Apr., 1958},
  publisher = {American Mathematical Society},
  howpublished = {http://links.jstor.org/sici?sici=0002-9939%28195804%299%3A2%3C238%3ARSDIA%3E2.0.CO%3B2-2}
}

@ARTICLE{rmrobinson56,
  author = {Robinson, Raphael M.},
  title = {Arithmetical Representation of Recursively Enumerable Sets},
  journal = {The Journal of Symbolic Logic},
  year = {1956},
  volume = {21},
  pages = {162--186},
  number = {2},
  month = {jun},
  copyright = {Copyright 1956 Association for Symbolic Logic},
  issn = {0022-4812},
  jstor_articletype = {Full Length Article},
  jstor_date = {195606},
  jstor_formatteddate = {Jun., 1956},
  publisher = {Association for Symbolic Logic},
  howpublished = {http://links.jstor.org/sici?sici=0022-4812%28195606%2921%3A2%3C162%3AARORES%3E2.0.CO%3B2-A}
}

@article{davis61,
  author = {Davis, Martin and Putnam, Hilary and Robinson, Julia},
  title = {The Decision Problem for Exponential Diophantine Equations},
  journal = {The Annals of Mathematics},
  year = {1961},
  volume = {74},
  pages = {425--436},
  number = {4},
  month = {nov}
}


@ARTICLE{DBLP:journals/tcs/Sazonov93,
  author = {Vladimir Yu. Sazonov},
  title = {{Hereditarily-Finite Sets, Data Bases and Polynomial-Time Computability}},
  journal = {Theor. Comput. Sci.},
  year = {1993},
  volume = {119},
  pages = {187-214},
  number = {1},
  bibsource = {DBLP, http://dblp.uni-trier.de}
}

@ARTICLE{finitemath,
  author = {Takahashi, Moto-o},
  title = {{A Foundation of Finite Mathematics}},
  journal = {Publ. Res. Inst. Math. Sci.},
  year = {1976},
  volume = {12},
  pages = {577-708},
  number = {3}
}

@MISC{trybulec89boolean,
  author = {Z. Trybulec and H. 'Swi},
  title = {Boolean properties of sets},
  year = {1989},
  text = {Zinaida Trybulec and Halina ' Swi∏eczkowska. Boolean properties of
	sets. Journal of Formalized Mathematics, 1, 1989. http://mizar.org/JFM/Vol1/boole.html.},
  url = {citeseer.ist.psu.edu/trybulec89boolean.html}
}

@PROCEEDINGS{DBLP:conf/cav/2001,
  title = {Computer Aided Verification, 13th International Conference, CAV 2001,
	Paris, France, July 18-22, 2001, Proceedings},
  year = {2001},
  editor = {G{\'e}rard Berry and Hubert Comon and Alain Finkel},
  volume = {2102},
  series = {Lecture Notes in Computer Science},
  publisher = {Springer},
  bibsource = {DBLP, http://dblp.uni-trier.de},
  booktitle = {CAV},
  isbn = {3-540-42345-1}
}

@PROCEEDINGS{DBLP:conf/types/1994,
  title = {Types for Proofs and Programs, International Workshop TYPES'94, B{\aa}stad,
	Sweden, June 6-10, 1994, Selected Papers},
  year = {1995},
  editor = {Peter Dybjer and Bengt Nordstr{\"o}m and Jan M. Smith},
  volume = {996},
  series = {Lecture Notes in Computer Science},
  publisher = {Springer},
   address = {Berlin Heidelberg},
  bibsource = {DBLP, http://dblp.uni-trier.de},
  booktitle = {TYPES},
  isbn = {3-540-60579-7}
}

@PROCEEDINGS{DBLP:conf/tphol/2005,
  title = {Theorem Proving in Higher Order Logics, 18th International Conference,
	TPHOLs 2005, Oxford, UK, August 22-25, 2005, Proceedings},
  year = {2005},
  editor = {Joe Hurd and Thomas F. Melham},
  volume = {3603},
  series = {Lecture Notes in Computer Science},
  publisher = {Springer},
   address = {Berlin Heidelberg},
  bibsource = {DBLP, http://dblp.uni-trier.de},
  booktitle = {TPHOLs},
  isbn = {3-540-28372-2}
}

@PROCEEDINGS{DBLP:conf/icalp/1984,
  title = {Automata, Languages and Programming, 11th Colloquium, Antwerp, Belgium,
	July 16-20, 1984, Proceedings},
  year = {1984},
  editor = {Jan Paredaens},
  volume = {172},
  series = {Lecture Notes in Computer Science},
  publisher = {Springer},
  bibsource = {DBLP, http://dblp.uni-trier.de},
  booktitle = {ICALP},
  isbn = {3-540-13345-3}
}

@BOOK{haskell:98rr,
  title = {Haskell 98 Language and Libraries: The Revised Report},
  year = {2002},
  editor = {Peyton Jones, Simon L.},
  month = {September},
  note = {http://haskell.org/definition/haskell98-report.pdf}
}

@PROCEEDINGS{DBLP:conf/icalp/1977,
  title = {Automata, Languages and Programming, Fourth Colloquium, University
	of Turku, Finland, July 18-22, 1977, Proceedings},
  year = {1977},
  editor = {Arto Salomaa and Magnus Steinby},
  volume = {52},
  series = {Lecture Notes in Computer Science},
  publisher = {Springer},
   address = {Berlin Heidelberg},
  bibsource = {DBLP, http://dblp.uni-trier.de},
  booktitle = {ICALP},
  isbn = {3-540-08342-1}
}

@PROCEEDINGS{DBLP:conf/foiks/2000,
  title = {Foundations of Information and Knowledge Systems, First International
	Symposium, FoIKS 2000, Burg, Germany, February 14-17, 2000, Proceedings},
  year = {2000},
  editor = {Klaus-Dieter Schewe and Bernhard Thalheim},
  volume = {1762},
  series = {Lecture Notes in Computer Science},
  publisher = {Springer},
   address = {Berlin Heidelberg},
  bibsource = {DBLP, http://dblp.uni-trier.de},
  booktitle = {FoIKS},
  isbn = {3-540-67100-5}
}

@PROCEEDINGS{DBLP:conf/ipps/2002,
  title = {16th International Parallel and Distributed Processing Symposium
	(IPDPS 2002), 15-19 April 2002, Fort Lauderdale, FL, USA, CD-ROM/Abstracts
	Proceedings},
  year = {2002},
  publisher = {IEEE Computer Society},
  bibsource = {DBLP, http://dblp.uni-trier.de},
  booktitle = {IPDPS},
  isbn = {0-7695-1573-8}
}

@Book{koza92,
  author =	"John R. Koza",
  title =	"Genetic Programming: On the Programming of Computers
		 by Means of Natural Selection",
  year = 	"1992",
  publisher =	"MIT Press",
  address =	"Cambridge, MA, USA",
  keywords =	"genetic algorithms, genetic programming, text book",
  ISBN = 	"0-262-11170-5",
}

@BOOK{poli08,
  title = {{A Field Guide to Genetic Programming}},
  author = {Riccardo Poli and William B. Langdon and Nicholas F. McPhee and John R. Koza},
  note="e-book",
  url={http://www.gp-field-guide.org.uk},
}

@InCollection{worzel:2005:GPTP,
  author =	"Bill Worzel and Duncan MacLean",
  title =	"Content Diversity in Genetic Programming and Its
		 Correlation With Fitness",
  booktitle =	"Genetic Programming Theory and Practice {III}",
  year = 	"2005",
  editor =	"Tina Yu and Rick L. Riolo and Bill Worzel",
  volume =	"9",
  series =	"Genetic Programming",
  address =	"Ann Arbor",
  month =	"12-14 " # may,
  publisher =	"Springer",
  keywords =	"genetic algorithms, genetic programming",
  ISBN = 	"0-387-28110-X",
  notes =	"part of \cite{yu:2005:GPTP} Published Jan 2006 after the workshop",
}

@InProceedings{eurogp07:jwalker2,
  author =	"James Alfred Walker and Julian Francis Miller",
  title =	{{Changing the Genospace: Solving {GA} Problems with
		 Cartesian Genetic Programming}},
  editor =	"Marc Ebner and Michael O'Neill and Anik\'o Ek\'art and
		 Leonardo Vanneschi and Anna Isabel Esparcia-Alc\'azar",
  booktitle =	"Proceedings of the 10th European Conference on Genetic
		 Programming",
  publisher =	"Springer",
  series =	"Lecture Notes in Computer Science",
  volume =	"4445",
  year = 	"2007",
  address =	"Valencia, Spain",
  month =	"11 - 13 " # apr,
  pages =	"261--270",
  keywords =	"genetic algorithms, genetic programming",
  ISBN = 	"3-540-71602-5",
  isbn13 =	"978-3-540-71602-0",
  ee =  	"doi:10.1007/978-3-540-71605-1_24",
  abstract =	"Embedded Cartesian Genetic Programming (ECGP) is an
		 extension of Cartesian Genetic Programming (CGP)
		 capable of acquiring, evolving and re-using partial
		 solutions. In this paper, we apply for the first time
		 CGP and ECGP to the ones-max and order-3 deceptive
		 problems, which are normally associated with Genetic
		 Algorithms. Our approach uses CGP and ECGP to evolve a
		 sequence of commands for a tape-head, which produces an
		 arbitrary length binary string on a piece of tape.
		 Computational effort figures are calculated for CGP and
		 ECGP and our results compare favourably with those of
		 Genetic Algorithms.",
  notes =	"Part of \cite{ebner:2007:GP} EuroGP'2007 held in
		 conjunction with EvoCOP2007, EvoBIO2007 and
		 EvoWorkshops2007",
  doi-url =	"http://dx.doi.org/10.1007/978-3-540-71605-1_24",
}

@Book{Hall00,
  author =	"C. Hall and J. O'Donnell",
  title =	"Discrete Mathematics Using a Computer.",
  pages =	"360",
  publisher =	"Springer",
  year = 	"2000",
  keywords =	"book, text, math, maths, c2000, c200x, c20xx,
		 functional prpgramming, FP, l1Ref, L2Ref",
  abstract =	"{"}... introduces the main topics of discrete math.
		 with a strong emphasis on applications to comp.sci.. It
		 uses computer progs. to implement \& illustrate the
		 math. ideas, helping the reader to gain a concrete
		 understanding of the abstract math.. The programs are
		 also useful for practical calculations, and they can
		 serve as a foundation for larger software packages.
		 ...{"},
		 http://www.amazon.com/gp/product/1852330899/?tag=fourwheeldrivein
		 .",
}

@article{journals/jfp/Hinze05,
title = {Church numerals, twice!},
author = {Ralf Hinze},
journal = {J. Funct. Program.},
number = {1},
pages = {1-13},
url = {http://dblp.uni-trier.de/db/journals/jfp/jfp15.html#Hinze05},
volume = {15},
year = {2005},
description = {dblp},
ee = {http://dx.doi.org/10.1017/S0956796804005313}, date = {2005-04-05},
keywords = {dblp }
} 

@article{journals/njc/GoldbergT02,
title = {How to Circumvent Church Numerals.},
author = {Mayer Goldberg and Mads Torgersen},
journal = {Nord. J. Comput.},
number = {1},
pages = {1-12},
url = {http://dblp.uni-trier.de/db/journals/njc/njc9.html#GoldbergT02},
volume = {9},
year = {2002},
description = {dblp},
date = {2004-01-14},
keywords = {dblp }
} 
